2266 3878
103 288 309 360 [spineolo]
507 281 652 347 LIBERI.

416 435 744 494 mrlsmomlx.

257 543 316 598 ΑΙ)
346 544 615 598 CLAUDIUM
642 545 902 605 NERONEM.

100 653 270 732 Septimius,
289 652 404 732 Claudi,
420 657 548 717 nimirum
559 656 689 736 intelligit
700 677 781 735 unus,

100 735 201 810 Quanti
215 756 261 798 me
271 738 373 799 ineius:
390 740 453 799 nem
465 757 527 799 eum
537 750 620 818 rogat
633 740 662 800 et
673 758 761 820 prece
773 744 861 820 cogit,

99 819 216 881 Scilicet
226 829 257 882 ut
266 822 317 881 tihi
329 841 361 882 se
373 821 486 884 lauduno
497 833 525 883 et
536 824 647 884 trudere
658 843 754 901 ooner,

97 903 220 981 Dignum
229 914 323 965 mente
334 905 475 985 domoque
486 905 607 984 legentis
618 908 738 985 honeste
747 901 880 986 Neronis,

97 983 214 1047 Munere
225 1005 287 1047 eum
299 990 377 1069 fungi
389 991 530 1068 propioris
543 1001 642 1051 censet
653 993 748 1060 amiei3
919 1056 921 1061 ,
1022 995 1059 1057 'd

99 1069 172 1144 Quid
185 1072 294 1150 possim
305 1073 381 1132 videt
391 1091 425 1132 uo
436 1076 513 1133 novit
525 1093 569 1134 me
580 1075 688 1136 valdius
699 1077 774 1155 ipso.

97 1153 183 1214 Multa
199 1155 313 1233 quidem
328 1156 400 1234 dixi,
418 1175 468 1217 our
479 1168 629 1220 excusatus
640 1159 758 1228 abirem

98 1236 155 1297 Sed
169 1240 265 1313 timui,
283 1257 345 1300 meu
356 1258 393 1299 no
407 1240 522 1300 finxisse
532 1244 639 1303 minora
651 1253 774 1321 putarer,

97 1320 294 1381 Dissimulator
306 1324 369 1401 opis
382 1325 529 1401 propriae,
545 1326 611 1385 mihi
624 1326 788 1386 commodus
802 1328 859 1400 upi.

98 1405 144 1464 Sio
161 1420 235 1483 ego,
251 1408 365 1467 maioris
379 1407 491 1485 fugiens
503 1409 656 1485 opprobria
670 1408 781 1487 eulpae,
1022 1414 1060 1474 10

97 1486 207 1548 Frontis
219 1488 254 1549 ud
268 1490 390 1550 urbanae
403 1490 538 1550 descendi
550 1493 682 1569 praemia.
707 1490 815 1566 Quodsi

96 1570 266 1650 depositum
277 1573 374 1633 laudas
386 1574 423 1633 ob
435 1577 516 1633 amici
528 1576 604 1635 iussu
617 1574 762 1653 pudorem,

98 1655 197 1717 Soribe
208 1659 248 1716 tui
260 1660 358 1734 gregis
371 1659 459 1735 huno,
476 1667 504 1716 et
515 1658 617 1718 fortem
635 1658 719 1718 erede
730 1659 900 1737 bonumque.

420 1910 666 1966 lurlsmttm
694 1912 738 1968 Χ.

282 2008 339 2060 ΑΙ)
371 2008 579 2064 FUSCUM
610 2011 875 2067 ARISTIUM.

98 2116 181 2179 Urbis
192 2126 344 2186 amatorem
354 2117 476 2180 Fuscum
487 2120 597 2182 salvere
607 2122 736 2182 iubemus

95 2199 179 2262 Ruris
192 2211 349 2279 amatores,
365 2203 418 2263 huo
431 2207 459 2262 in
470 2222 501 2262 re
515 2204 625 2263 seilicet
636 2223 690 2264 unu

94 2281 211 2347 diultum
226 2284 389 2362 dissimiles,
406 2294 434 2345 ut
444 2297 537 2355 uetera
552 2304 641 2364 paene
651 2287 766 2365 gemelli

92 2365 345 2430 Frutemisenirnis
376 2369 510 2450 quidquid
520 2379 605 2448 neget
616 2370 686 2430 ulter
697 2380 726 2430 et
740 2371 811 2431 alter

91 2451 247 2514 Annmmus
259 2455 363 2531 pariter
372 2453 460 2513 retuli
474 2457 591 2532 notique
603 2453 735 2515 columbi.

92 2533 134 2596 Tu
145 2535 240 2597 nidum
251 2555 365 2614 servus,
382 2553 438 2615 ego
452 2538 536 2598 laudo
547 2540 619 2598 ruris
633 2540 742 2598 amoeni
799 2599 801 2603 ,
846 2563 848 2567 ·

90 2618 184 2680 Rivos
196 2629 225 2680 et
235 2636 334 2680 museo
345 2621 499 2682 circumlito
513 2640 580 2681 saxa
590 2640 756 2700 nemusque.
821 2638 822 2643 ¹

92 2703 170 2776 Quid
181 2702 315 2782 quaeris?
329 2704 402 2764 Vivo
418 2714 447 2765 et
457 2723 563 2783 regno,
577 2705 657 2764 simui
670 2707 723 2764 istu
734 2705 836 2785 reliqui

91 2786 174 2861 Quae
186 2803 239 2847 vos
250 2788 285 2847 ud
296 2789 407 2848 eoelum
422 2789 529 2849 effertis
540 2806 653 2848 rumore
667 2790 804 2866 seeundo,

87 2868 186 2949 thue
198 2871 355 2933 sucerdotis
367 2873 501 2950 fugitivus
512 2871 569 2931 liba
580 2889 698 2932 roouso:

88 2951 165 3014 Pane
181 2972 255 3033 egeo
267 2957 320 3016 iam
331 2955 445 3016 mellitis
456 2958 567 3034 potiore
578 2955 727 3033 pluoentis.

86 3034 195 3097 Vivere
205 3048 319 3100 naturae
332 3041 356 3099 si
370 3041 571 3101 convenienter
585 3050 708 3118 oportet,
884 3099 885 3103 ,

86 3118 297 3202 Ponenduequo
309 3124 393 3185 domo
409 3123 568 3202 quaerenda
580 3134 624 3183 est
634 3142 701 3185 urea
717 3127 849 3204 primum:

86 3203 238 3266 Novistine
249 3206 343 3267 looum
356 3209 497 3286 potiorem
507 3227 572 3268 rure
586 3206 694 3268 beato?

85 3287 139 3349 Est
150 3289 198 3349 ubi
210 3289 274 3368 plus
287 3299 400 3369 tepeant
411 3292 538 3368 hiemes,
553 3293 600 3350 ubi
616 3295 725 3369 gratior
735 3308 801 3350 auru
883 3321 884 3325 =

85 3369 185 3433 deniut
199 3383 229 3433 et
239 3374 345 3434 rabiem
359 3375 442 3435 Canis
454 3385 482 3435 et
494 3383 633 3435 momentu
643 3374 759 3449 Leonis,
960 3388 965 3395 ·
