2266 3878
334 876 400 977 Μ
420 770 749 978 3uonnrurunoo1

125 1026 129 1032 x
199 979 236 1064 0
297 839 440 1061 ni

499 970 943 1103 nurnuu

441 1127 534 1182 Llsseu
553 1125 702 1180 TERTIUS.
807 1166 809 1171 >
828 1165 832 1170 -
859 1133 863 1138 ’

515 1265 626 1276 ..-—-

239 1292 321 1398 spese
334 1326 379 1389 0(
494 1339 594 1394 ΜΕ
611 1337 643 1391 1.

294 1456 343 1508 DE
363 1455 479 1507 VARIIS
501 1454 682 1506 HOMINUM
693 1450 850 1506 STUDIIS.

185 1625 190 1634 .
208 1560 211 1565 ’
231 1556 233 1563 ⁴
247 1541 316 1625 Odi
333 1558 478 1637 profanum
490 1555 592 1634 vulgus
609 1566 636 1616 et
649 1564 750 1616 arceo:

241 1641 348 1702 Favete
362 1642 480 1719 linguis:
504 1642 625 1712 carmina
637 1654 694 1699 non
709 1640 787 1716 prius
899 1636 903 1641 ’

293 1726 395 1785 Audita
406 1742 544 1783 musarum
558 1721 691 1786 sacerdos
791 1768 794 1773 .

345 1807 507 1884 Virginibus
519 1807 671 1884 puerisque
685 1813 776 1865 cauto.

216 1946 226 1953 “
239 1933 348 2010 Regum
360 1929 545 1990 timendorum
556 1931 584 1988 in
598 1931 729 2008 proprios
740 1948 857 2010 gregeS,
931 2004 934 2010 Ι

244 2014 341 2094 Reges
354 2015 383 2073 in
394 2015 474 2091 ipsos
485 2014 632 2092 imperium
644 2022 688 2072 est
698 2011 786 2090 lovis,

296 2097 371 2159 Clari
387 2095 524 2174 Giganteo
537 2097 687 2176 triumpho,

330 2179 437 2241 Cunotu
450 2179 604 2258 supercilio
615 2180 763 2240 moventis.

241 2305 295 2366 Est
308 2314 338 2364 ut
351 2308 412 2365 viro
423 2306 470 2364 vir
481 2305 563 2367 latius
578 2306 686 2368 ordinet

238 2389 360 2450 Arbusta
371 2389 469 2466 sulcis,
483 2389 528 2448 hio
540 2389 709 2467 generosior

291 2471 454 2532 Descendat
469 2475 497 2533 in
510 2491 637 2552 eampum
649 2474 763 2551 petitor,
857 2526 859 2531 ,

332 2553 468 2644 'Moribus
480 2558 526 2617 hie
538 2556 694 2632 meliorque
708 2555 780 2613 fama

242 2678 409 2761 contendat,
424 2679 465 2740 illi
476 2682 556 2741 turba
568 2679 711 2739 clientium

241 2762 284 2822 Sit
299 2765 399 2822 maior:
422 2782 513 2842 aequa
527 2763 592 2839 lege
605 2761 762 2820 necessitas

294 2845 415 2906 Sortitur
426 2849 552 2922 insignes
565 2853 593 2902 et
604 2846 689 2913 imoa;

348 2927 436 2990 Omne
448 2945 537 3005 rapax
548 2937 643 2986 movet
653 2946 721 2987 urna
731 2945 844 2990 nomen.

240 3053 401 3114 Destrietus
417 3055 493 3113 ensis
508 3055 553 3113 eui
568 3072 654 3132 super
670 3054 754 3132 impia
783 3077 786 3080 >

242 3133 362 3197 cervice
376 3136 489 3215 pendet,
506 3128 562 3196 non
574 3137 686 3197 Siculae
698 3137 787 3215 dapes

279 3219 411 3280 -Duleem
424 3219 605 3280 elaborabunt
622 3221 763 3298 saporem,

45 3350 53 3359 ,
91 3309 130 3369 20
197 3298 200 3307 ’
344 3301 409 3363 Nou
419 3305 510 3363 avium
522 3305 699 3383 citharaeque
712 3310 808 3362 cantus
867 3364 870 3370 ,
