2266 3878
106 286 169 350 204
451 240 727 352 xmosromnou
920 246 1049 372 [apsel]

175 442 239 502 ’,δίο
250 443 315 502 milri
328 441 404 502 tarda
416 440 503 499 lluunt
514 444 677 519 ingrataque
689 449 833 518 tempora,
850 461 923 521 quae
937 461 1008 521 spem

87 580 91 587 .
190 522 403 603 Consiliumque
412 534 552 584 morantur
563 525 664 603 agendi
675 529 804 602 gnaviter
815 526 854 602 id,
868 527 945 605 quod

130 612 168 673 25
190 609 293 688 Aeque
305 608 476 687 pauperibus
488 609 620 685 prodest,
637 608 827 685 locupletibus
838 628 941 688 aeque,

112 765 115 772 Ι
187 692 287 771 Aequo
298 693 458 770 neglectum
472 695 566 769 pueris
582 692 754 770 senibusque
766 694 891 753 nocebit.

188 776 303 853 Restat,
316 777 400 836 uthis
412 791 468 853 ego
480 794 524 834 me
536 778 599 854 ipse
610 794 706 853 regam
718 775 854 855 solerque
867 777 1010 838 elementia.

188 859 251 921 Non
264 863 360 939 possis
371 860 456 919 oeulo
468 869 598 938 quantum
610 859 784 919 contendere
794 859 940 936 Lynceus:

189 944 253 1003 Non
266 953 359 1005 tamen
374 944 480 1003 ideireo
496 953 657 1002 contemnas
669 942 763 1021 lippus
775 945 890 1023 inungi;

125 1032 166 1094 30
187 1027 267 1105 Neo,
280 1031 345 1107 quia
358 1027 496 1104 desperes
508 1028 602 1085 invioti
613 1026 736 1087 membra
749 1024 896 1104 Glyconis,

187 1111 307 1171 Nodosa
317 1127 420 1188 eorpus
432 1109 504 1169 nolis
521 1111 672 1187 prohibere
688 1111 833 1188 cheragra.

186 1193 239 1254 Est
254 1194 371 1273 quadam
383 1194 496 1271 prodire
507 1201 607 1267 tenus,
624 1195 715 1253 sinon
727 1193 897 1256 daturultra.

186 1276 290 1337 Fervet
300 1279 413 1337 avaritia
425 1279 586 1354 miseroque
598 1277 730 1355 cupidine
742 1287 859 1356 peetus:

188 1361 258 1420 Sunt
268 1361 354 1421 verba
367 1370 395 1420 et
405 1378 510 1437 voees,
524 1361 625 1440 quibus
637 1362 710 1421 hune
721 1362 811 1422 lenire
823 1363 948 1431 dolorem

123 1449 163 1510 85
186 1444 283 1504 Possis
300 1455 328 1504 et
338 1463 464 1522 magnam
475 1445 565 1504 morbi
578 1444 723 1523 deponere
735 1455 852 1523 partem.

185 1527 287 1589 Laudis
299 1545 393 1589 amore
404 1538 494 1589 tumes
505 1550 512 1590 :
524 1537 588 1589 sunt
599 1538 675 1589 certa
686 1530 812 1607 piacula,
826 1549 899 1609 quae
908 1540 936 1593 to

185 1611 241 1673 l'er
253 1632 322 1691 pure
332 1614 407 1672 lecto
420 1612 551 1691 poterunt
561 1630 692 1673 recreare
701 1613 811 1673 libello.
882 1651 885 1656 -

185 1694 315 1773 Invidus,
330 1697 495 1773 iracundus,
508 1699 601 1772 iners,
614 1698 747 1774 vinosus,
762 1705 879 1775 amator,

184 1779 275 1840 Nemo
287 1779 358 1841 adeo
372 1780 449 1840 lorus
461 1790 520 1856 est,
534 1789 632 1853 utnon
642 1783 795 1841 mitescere
808 1784 910 1860 possit,

124 1864 164 1927 40
186 1863 216 1924 st
227 1864 312 1923 modo
324 1863 449 1924 oulturne
461 1866 612 1942 patientem
624 1864 783 1925 commodet
794 1884 900 1926 aurem.

182 1947 277 2006 Virtus
290 1956 334 2006 est
344 1949 440 2007 vitium
452 1948 568 2025 lugere,
582 1956 610 2006 et
621 1950 759 2025 sapientia
770 1951 859 2027 prima
897 1994 900 2003 .

184 2031 305 2091 Stultitia
316 2033 453 2089 caruisse.
472 2029 577 2105 Vides,
593 2048 666 2109 qnae
677 2035 795 2093 maxima
805 2032 898 2093 orodis

111 2134 113 2140 ·
182 2112 257 2174 Esse
268 2113 354 2189 mala,
369 2116 500 2191 exiguum
513 2133 627 2173 oensum
637 2121 806 2196 turpemque
816 2117 963 2195 repulsam,

184 2196 295 2270 Quanto
308 2197 418 2257 devites
429 2199 512 2258 animi
524 2200 682 2276 capitisque
693 2198 807 2269 laboro;

120 2281 159 2344 lt
181 2280 307 2360 Impiger
319 2289 459 2341 extremos
472 2284 562 2342 curris
573 2291 713 2343 mereator
724 2284 759 2344 ad
770 2283 867 2361 Indos,

181 2365 236 2425 l‘er
249 2383 324 2426 mare
337 2367 500 2444 pauperiem
512 2366 641 2444 lugiens,
656 2385 708 2445 per
720 2387 803 2444 saxa,
817 2386 870 2446 per
881 2371 969 2446 ignes:

181 2448 226 2509 Ne
238 2467 321 2508 eures
332 2467 382 2524 ea,
400 2467 473 2528 quae
485 2449 569 2509 stulte
584 2452 693 2510 miraris
705 2460 734 2510 et
749 2460 841 2529 optas,

180 2532 303 2593 Discere
315 2541 344 2592 et
354 2532 451 2593 audire
462 2542 492 2594 et
501 2533 610 2593 meliori
621 2534 739 2594 eredere
750 2552 806 2595 non
816 2532 882 2595 rial
982 2562 986 2567 ·

183 2614 254 2688 Quis
266 2618 370 2675 eironm
382 2633 473 2694 pagos
486 2626 514 2676 et
527 2619 632 2677 eireum
644 2620 765 2697 compita
777 2636 891 2697 pugnax

118 2699 159 2760 50
179 2698 280 2778 llagna
292 2702 420 2760 eoronari
433 2709 593 2762 oontemuat
605 2700 749 2780 Olympia,
770 2705 815 2762 oui
827 2720 914 2780 spes,

180 2780 232 2843 Cui
245 2785 281 2843 sit
292 2784 416 2844 eonditio
429 2784 519 2844 duleis
532 2787 593 2845 sine
605 2786 722 2863 pulvere
734 2784 865 2864 palmae?

178 2866 268 2926 Vilius
279 2877 424 2946 argentum
435 2877 480 2928 est
491 2886 573 2945 auro,
586 2871 734 2930 uirtutibus
746 2888 856 2930 aurum:
906 2932 908 2937 ,

179 2949 227 3028 „0
240 2953 334 3028 cives,
352 2954 447 3028 eines,
466 2953 625 3029 quaerenda
636 2957 757 3032 pecunia
772 2957 891 3032 primum
903 2962 958 3022 est;

178 3034 297 3110 „Virtus
311 3045 376 3113 post
387 3053 515 3095 nummos
523 3036 553 3095 !“
566 3037 637 3096 haee
648 3037 730 3098 Ianus
743 3055 866 3098 summus
878 3038 912 3098 ub
924 3039 976 3096 imo

115 3119 154 3181 65
177 3118 334 3194 l‘rodooet,
352 3117 423 3176 haee
437 3119 565 3177 recinunt
576 3121 693 3180 iuvenes
705 3123 967 3201 dictatusenosqne,

176 3201 271 3263 Laevo
285 3203 417 3279 suspensi
429 3199 542 3261 loculos
555 3204 733 3283 tabulamque
744 3206 862 3266 lacerto.

175 3282 227 3351 Est
238 3288 344 3347 animus
353 3285 419 3361 tibi,
433 3294 497 3345 sunt
508 3303 603 3345 mores
619 3296 646 3347 et
657 3288 753 3368 lingua
764 3290 904 3369 fidesque,
927 3356 930 3363 ,

176 3370 235 3430 Sed
250 3369 460 3450 quadringentis
472 3388 524 3432 sex
535 3379 646 3449 septem
659 3375 743 3435 millia
755 3374 872 3434 desunt:
