2266 3878
103 274 205 345 [Epist.
219 271 272 342 m]
503 269 613 330 arnna
623 269 646 330 1,

101 419 183 495 Quae
195 437 229 480 se
241 419 416 479 commendat
426 428 509 503 tonsa
521 432 602 500 cate,
615 423 745 482 dentibus
755 427 832 501 atris,

99 503 174 566 lium
184 502 246 564 vult
256 503 370 563 libertas
384 503 440 563 dici
454 523 531 565 mera
540 524 665 585 ueraque
676 509 774 566 virtus.
821 530 826 548 ‚

96 588 195 648 Virtus
208 594 251 647 est
265 586 386 646 medium
399 589 529 655 vitiorum
541 599 569 650 et
582 593 722 669 utrimque
732 589 885 652 reductum.

98 671 195 749 diter,
207 672 235 730 in
248 671 416 748 obsequium
430 670 493 748 plus
504 689 597 752 aequo
610 689 715 751 pronus
727 682 756 733 et
766 675 812 733 imi

97 756 220 816 Derisor
230 753 312 830 lecti,
330 756 373 812 sio
384 763 479 815 nutum
490 756 700 832 divitisborret,

99 839 148 900 Sic
158 839 241 898 iterat
250 855 340 896 voces
352 846 381 896 et
389 839 615 916 uerbacadentia
626 838 710 917 tollit,

97 921 135 984 Ut
145 939 264 1000 puerum
275 938 363 980 saevo
379 921 477 982 credas
489 922 591 984 dictata
601 927 734 1002 magistro

98 1004 250 1080 Reddere,
268 1003 316 1064 vel
327 1014 422 1082 partes
433 1008 544 1066 mimum
556 1017 676 1069 tractare
691 1006 842 1076 secundam
904 1042 909 1049 ·

97 1089 179 1148 Alter
189 1090 293 1148 rixatur
304 1086 339 1147 de
349 1087 411 1147 iana
422 1106 510 1168 saepe
525 1094 648 1168 caprina,

98 1169 261 1250 Pr0pugnot
270 1173 353 1249 nugis
366 1180 503 1242 armatus:
520 1175 670 1250 „scilicct,
687 1183 717 1233 ut
730 1191 786 1234 non

98 1257 165 1334 „Sit
176 1256 242 1315 mibi
253 1256 342 1333 prima
353 1254 423 1313 ildes
435 1263 480 1331 et,
496 1274 564 1317 vere
576 1258 652 1335 quod
663 1257 773 1335 placet,
788 1266 818 1316 ut
828 1275 884 1316 non

98 1340 235 1416 „Acriter
250 1338 379 1414 ciatrem,
395 1341 515 1416 pretinm
526 1349 604 1398 aetas
616 1340 703 1401 altera
715 1341 846 1400 sordet.“

97 1424 256 1500 Ambigitur
267 1421 333 1501 qaid
345 1419 440 1481 eninr?
462 1421 564 1482 Castor
575 1425 645 1482 sciat
656 1441 691 1483 an
702 1422 841 1484 Dolichos
853 1423 931 1501 pius:

97 1506 274 1568 Brundisium
286 1503 390 1564 blinuci
401 1504 502 1565 melius
512 1508 559 1566 via
571 1504 653 1567 ducat
666 1524 701 1566 an
714 1506 801 1583 Appi.

99 1589 190 1664 Quem
202 1587 334 1649 damnosa
344 1602 449 1664 renus,
467 1607 550 1668 quern
561 1606 700 1667 praeceps
712 1588 774 1649 alea
784 1589 878 1665 nudat,
989 1596 991 1603 ’

99 1672 194 1734 Gloria
205 1691 288 1752 quem
300 1688 385 1750 supra
395 1674 471 1732 vires
488 1682 516 1732 et
525 1675 611 1732 vestit
621 1683 650 1734 et
660 1675 749 1751 ungit,

99 1756 189 1831 Quem
200 1764 279 1817 tenet
290 1758 397 1834 argenti
411 1759 472 1815 sitis
484 1759 641 1834 importuna
652 1756 808 1834 famesque,

99 1840 190 1915 Quem
200 1841 373 1919 paupertatis
385 1839 477 1917 pudor
488 1849 516 1899 et
527 1841 609 1918 iuga,
627 1840 707 1899 dives
720 1841 826 1900 amicus

99 1926 193 2004 Saepe
205 1923 304 1984 decem
318 1925 395 1982 vitiis
406 1926 567 2005 instructipr
578 1924 637 1983 odit
648 1933 676 1983 et
687 1924 793 2000 horret,

98 2009 167 2086 but,
187 2010 279 2068 sinon
291 2006 364 2082 odit,
380 2010 455 2085 regit
464 2026 498 2068 ac
508 2007 596 2067 veluti
609 2010 654 2085 pia
665 2017 753 2067 mater
845 2001 847 2005 ’

73 2088 79 2100 ’
99 2090 162 2152 Plus
175 2109 257 2171 quam
269 2109 302 2150 se
314 2108 416 2168 sapere
429 2100 458 2151 et
467 2093 615 2151 uirtutibus
628 2109 694 2152 esse
706 2093 829 2169 priorem

98 2175 178 2254 Vult,
192 2183 220 2235 et
231 2172 269 2233 ait
280 2188 371 2252 prope
382 2192 467 2233 vera:
483 2174 588 2250 „iileae
600 2209 611 2216 -
625 2175 798 2235 contendere
808 2174 882 2234 nolii
893 2207 906 2217 -

98 2259 270 2336 „stultitiam
281 2259 421 2336 patiuntur
433 2272 517 2335 opcs;
534 2258 584 2316 tibi
597 2257 711 2334 parvula
721 2276 769 2317 res
781 2267 839 2316 est:

98 2342 187 2419 „Arta
198 2341 283 2402 decet
294 2358 390 2401 sanum
402 2342 533 2400 comitem
544 2348 624 2417 toga;
639 2340 737 2399 desine
748 2357 857 2399 mecum
958 2337 965 2347 “

97 2425 272 2502 „Gertare.“
290 2423 477 2501 Eutrapelus,
491 2425 648 2501 cuicunque
660 2440 766 2483 nocere
779 2422 903 2500 volebat,

96 2507 268 2570 Vestimenta
279 2507 361 2567 dabat
375 2509 513 2585 pretiosa:
528 2508 628 2567 beatus
641 2508 778 2566 animiam
832 2562 834 2567 ,

97 2592 166 2658 Cum
181 2589 308 2672 pulchris
319 2593 421 2651 tunicis
432 2600 523 2650 sumet
533 2604 606 2649 nova
617 2590 736 2649 consilia
749 2599 777 2649 et
788 2607 866 2667 spes,

93 2675 222 2741 Donniet
232 2677 261 2735 in
270 2675 381 2751 lucem,
399 2684 494 2734 scorto
507 2682 661 2751 postponet
669 2674 817 2734 honestum

94 2760 243 2836 Officium,
264 2774 391 2819 nummos
404 2757 513 2817 alienos
525 2764 639 2834 pascet,
651 2756 687 2816 ad
700 2759 784 2816 imum

92 2843 188 2904 'ibren
203 2845 255 2902 erit
268 2850 315 2903 aut
326 2840 436 2901 olitoris
447 2850 513 2918 aget
524 2839 657 2899 mercede
669 2840 815 2900 caballum.

90 2926 232 2988 &canum
245 2943 340 3004 neque
351 2934 381 2984 tu
393 2925 563 2988 scrutaberis
574 2923 649 2982 iliius
660 2942 791 3003 unquam,

92 3004 337 3088 Commissumqu'e
347 3017 430 3086 teges
442 3016 470 3066 et
480 3009 546 3066 rino
558 3016 647 3066 tortus
660 3017 689 3067 et
700 3010 750 3068 ira.

91 3093 154 3154 Neo
165 3102 214 3153 tua
224 3092 351 3153 laudabis
364 3091 455 3151 studia
468 3100 514 3151 aut
525 3091 615 3152 aliena
625 3092 791 3170 reprendes,

90 3176 170 3254 Nec,
188 3194 252 3236 cum
262 3178 358 3237 venari
368 3174 447 3235 volet
457 3174 520 3253 ille,
534 3182 665 3253 poemata
675 3193 794 3254 pangas.

92 3257 186 3323 Gratia
198 3262 241 3321 sic
253 3261 367 3321 fratrum
382 3262 574 3337 geminorum,
590 3258 757 3337 Amphionis
768 3265 854 3333 atque

91 3343 192 3422 zethi,
205 3342 342 3420 dissiluit,
357 3343 449 3403 donec
460 3351 595 3421 suspecta
606 3358 709 3402 severo
