2266 3878
172 196 186 229 Ι

141 251 204 317 234
394 249 654 311 uelsuouluuu
675 250 785 312 LIBER
806 250 829 312 l.
937 259 1031 329 [Epist.
1043 260 1086 332 lu]

164 409 201 472 15
225 405 280 479 Qui
291 402 364 463 mule
378 413 522 481 parentem
532 405 561 462 in
572 421 658 481 rupes
673 406 807 480 protrusit
819 404 936 464 asellum

131 514 134 519 ·
223 488 330 549 lralus:
348 488 411 566 quis
423 489 496 548 enim
509 489 623 547 invitum
634 506 748 548 servare
763 486 894 562 laboret?

223 572 286 632 lloe
298 587 413 651 quoque
423 581 452 632 te
464 581 572 650 manet,
590 580 621 631 ut
631 589 736 650 pueros
748 572 887 632 elementa
900 572 1040 635 docentem
1057 626 1060 634 .

225 657 355 735 ecoupor
366 659 499 717 extremis
509 659 538 716 in
548 658 620 716 vicis
631 656 713 717 balbe
725 667 868 717 senectus.

225 740 295 802 Guur
305 740 356 800 libi
368 739 413 800 sol
424 740 537 820 tepidus
550 740 646 820 plures
658 739 812 801 admoverit
825 760 917 819 sures,

163 830 203 892 20
224 824 271 885 lle
281 824 413 885 libertino
424 835 518 886 ustum
529 834 609 905 petre
621 835 649 885 et
660 827 688 885 iu
699 827 775 885 tenui
784 844 816 886 re

222 909 347 969 Maiores
361 927 467 988 pennas
479 909 545 970 nido
558 909 719 969 extendisse
731 909 868 988 loqueris,
916 971 918 977 ,

221 993 259 1054 Ut
270 992 402 1071 quantum
413 995 512 1072 generi
524 994 635 1071 demes,
651 994 800 1054 virtutibus
811 993 914 1064 uddes3

218 1076 265 1139 ule
277 1078 374 1156 primis
393 1077 478 1137 Urbis
491 1076 559 1137 belli
571 1077 714 1155 placuisse
727 1078 869 1157 domique,

221 1159 358 1237 Corporis
370 1161 486 1239 exigui,
501 1179 684 1239 praeconum,
701 1161 809 1222 solibus
820 1172 926 1240 aptum,

163 1247 202 1312 25
224 1243 312 1304 lrusei
324 1243 465 1322 celerem,
481 1254 573 1306 temen
585 1254 615 1304 ut
626 1245 772 1327 pls'oahilis
784 1265 888 1306 essem.

223 1327 310 1387 Forte
319 1345 412 1388 meum
424 1331 448 1389 si
460 1332 524 1409 quis
535 1339 564 1389 te
579 1331 790 1408 percontabitur
801 1348 918 1390 aevum:

223 1409 271 1473 lle
284 1419 382 1490 quater
393 1413 520 1475 undenos
532 1417 602 1475 seist
613 1414 777 1491 implevisse
788 1414 974 1491 Decembres,

224 1494 371 1576 Gollegum
382 1496 518 1578 lepidum
529 1515 585 1578 quo
597 1499 674 1559 duxit
684 1497 790 1558 Lollius
801 1512 883 1559 euno.
