2266 3878
26 274 133 349 pupas.
149 272 186 348 a]
442 271 552 332 uiuum
572 271 596 334 1.

28 423 218 498 Praeconem,
234 423 311 481 tenui
324 439 430 498 ceusu,
447 423 509 482 siae
521 426 650 500 crimine,
667 435 763 490 aetum

29 507 67 568 Et
78 522 233 589 properare
245 504 312 565 iuce
325 514 354 565 et
365 523 497 582 cessare,
514 516 543 566 et
554 527 691 586 quaerere
704 520 733 571 et
743 514 794 590 uti,

31 590 206 653 Gaudentem
218 591 370 667 parcisque
383 587 527 650 sodalibus
538 600 567 651 et
579 591 637 653 lare
650 603 728 661 certo

32 675 67 736 Et
76 674 152 736 ludis
165 681 195 733 et
206 681 274 752 pest
285 672 381 733 decisa
392 675 508 750 negotia
518 671 636 754 Campe.

34 759 109 821 Part.
122 757 249 836 „Scituri
261 756 331 817 libet
343 775 379 816 ex
390 758 455 834 ipsa
466 757 655 840 quodeunque
665 761 772 825 refers:
794 761 841 824 dic
958 767 999 829 60

33 842 367 921 „ddcueuumveuiat.“
398 839 462 900 Neu
474 844 775 924 sanecrederedieua‚

33 927 124 988 Mirari
135 943 234 986 secum
244 926 355 984 tacitus.
388 922 462 998 Quid
472 925 580 988 multu?
602 928 776 1008 ‚‚Beuigue“

33 1008 206 1089 Respondet.
230 1007 305 1071 Pati.
328 1007 603 1086 „Negatillemihii
627 1011 716 1074 Serv.
735 1013 913 1092 „Negatiru-

658 1098 744 1158 rebus
781 1105 810 1158 et
823 1107 853 1160 te
1027 1118 1031 1125 ·

32 1176 382 1258 ,‚Negiigitauth0rret.“
405 1177 547 1237 Vulteium
558 1114 795 1261 manepl’hilippus

32 1261 103 1323 Vilia
113 1260 283 1321 vendentem
293 1263 417 1321 tunicato
429 1270 522 1321 cruta
534 1262 651 1340 popello
920 1292 926 1321 i
955 1267 995 1328 65

32 1346 176 1426 Occupet,
192 1353 221 1404 et
230 1344 342 1404 salvere
353 1345 431 1404 iubet
442 1347 533 1422 prior:
548 1344 596 1405 ille
611 1346 742 1427 Philippo
1087 1342 1090 1347 ’

29 1428 645 1506 Excusareluberemetmereeuariuviucia,
788 1453 793 1460 ·

30 1511 114 1587 Quod
126 1529 182 1573 non
193 1531 273 1574 mane
285 1512 397 1572 domum
408 1513 548 1589 venisset,
562 1512 685 1593 denique
697 1515 773 1594 quod
784 1532 840 1575 uon
873 1562 877 1569 ,

27 1596 286 1658 Providisseteum.
310 1595 385 1657 Pas.
398 1596 470 1673 „Sic
481 1597 628 1674 ignovisse
639 1606 735 1675 putato

27 1679 100 1759 „ris
111 1681 180 1758 tibi,
193 1682 218 1740 si
230 1697 335 1741 eoeuus
347 1680 431 1742 hodie
443 1682 587 1741 mecum.“
610 1680 690 1742 Meu.
703 1680 878 1825 „Ugiibetfl
956 1685 997 1745 70

634 1764 710 1826 Pati.
723 1810 744 1843 ‚‚
772 1783 825 1843 rge

27 1847 121 1926 „Post
131 1864 233 1911 nouam
243 1849 361 1920 venies3
375 1867 448 1909 nuuc
459 1851 485 1927 i,
497 1867 557 1909 rem
569 1858 699 1910 strenuus
710 1867 784 1928 auge
794 1850 826 1909 !“

28 1932 64 1994 Ut
74 1939 189 1993 veumm
201 1932 236 1994 ad
248 1949 365 1994 coenam
378 1942 438 2011 est,
456 1933 574 1995 dicenda
584 1933 703 1997 tacenda
713 1934 825 1995 laeuus

28 2014 152 2076 Tandem
163 2015 309 2078 dormitum
322 2017 474 2079 dimittitur.
497 2017 551 2079 Hic
562 2019 610 2079 ubi
623 2036 711 2099 saepe

28 2098 178 2160 Occultum
188 2103 267 2161 risus
283 2100 434 2162 decurrere
446 2105 534 2181 piscis
545 2103 580 2164 ad
591 2104 711 2183 hamum,

28 2182 110 2245 Mace
123 2184 213 2245 cliens
225 2195 253 2246 et
264 2186 318 2245 iam
329 2194 424 2245 certus
436 2189 569 2263 conviva,
583 2188 695 2247 iubetur
723 2224 727 2235 ·

28 2267 103 2329 Rura
114 2268 273 2329 suburbana
284 2267 395 2329 indictis
407 2286 503 2329 cemes
516 2272 557 2329 ire
571 2269 692 2330 Latinis:

28 2351 181 2432 impositus
192 2355 298 2414 mauuis
310 2371 405 2412 arrum
417 2353 585 2432 coelumque
597 2353 730 2413 Sabinum

28 2435 91 2497 Neu
107 2444 202 2497 cessat
213 2437 337 2498 laudere.
360 2436 443 2497 Videt
455 2431 585 2516 ridetque
596 2435 752 2514 Philippus,

28 2519 129 2581 Etsibi
145 2520 209 2581 dum
219 2521 363 2600 requiem,
385 2520 448 2580 dum
459 2524 533 2581 risus
545 2520 668 2599 undique
680 2520 801 2599 quaerit,
883 2570 886 2575 .
955 2520 959 2531 “

28 2602 101 2664 Dum
112 2613 222 2683 septem
234 2605 319 2665 deuut
328 2607 474 2682 sestertia,
492 2614 586 2666 mutua
598 2613 710 2682 septem

28 2686 182 2767 Promisti,
203 2688 355 2768 persuadet
368 2691 407 2749 uti
418 2698 559 2761 mercetur
569 2686 701 2766 agellum.

28 2770 177 2833 Mereatur.
200 2772 244 2834 Nc
259 2783 288 2834 te
300 2773 395 2851 leugis
406 2773 571 2850 ambagibus
588 2771 659 2830 ultra

29 2855 119 2928 Quam
130 2859 199 2917 satis
214 2866 259 2918 est
270 2874 377 2917 morer:
391 2875 427 2916 ex
437 2856 524 2917 nitide
537 2857 568 2916 fit
576 2857 716 2932 rusticus,
734 2864 818 2934 atque

29 2939 131 3000 Sulces
148 2950 177 3001 et
187 2943 280 3002 vinea
294 2949 391 3020 erepat
401 2959 495 3018 mera,
515 2949 665 3019 praeparat
676 2939 780 3019 ulmos,

27 3020 185 3085 Immeritur
199 3025 299 3086 studiis
312 3032 341 3085 et
350 3040 446 3086 surore
457 3027 582 3085 senescit
592 3024 724 3084 habendi.

27 3104 130 3168 Verum
141 3110 188 3168 ubi
201 3127 271 3171 eves
281 3109 372 3188 furto,
388 3110 487 3170 morbo
499 3112 611 3188 periere
623 3107 763 3187 capellae,

29 3189 114 3269 Spem
125 3196 240 3254 mentita
253 3212 356 3273 seges,
375 3194 428 3254 bos
439 3203 483 3254 est
495 3203 612 3254 enectus
628 3194 749 3261 arunde;

28 3273 159 3337 Offensus
173 3277 278 3338 damnis
289 3278 380 3340 media
392 3279 426 3338 de
440 3288 524 3338 nocte
537 3277 675 3338 caballum

29 3357 133 3440 Arripit
144 3363 288 3440 iratusque
300 3360 421 3441 Philippi
432 3362 522 3421 tendit
533 3361 568 3422 ad
580 3359 677 3420 aedes.
