2266 3878
518 293 718 355 conminuit

513 478 724 536 onmxvl.

451 588 515 640 Au
552 587 789 641 AMICAM.

286 701 310 760 θ
327 711 415 762 matre
427 700 544 779 pulchra
555 699 612 760 iilia
623 699 777 777 pulchrior,

286 784 379 860 Quem
390 786 547 844 criminosis
559 802 671 861 cunque
682 782 764 842 voles
777 782 889 844 mudum

332 868 427 929 Pones
439 868 549 943 iambis,
567 869 627 926 sive
639 865 746 925 flamma

389 951 457 1011 Sive
467 951 536 1010 mari
546 949 616 1009 libet
626 948 775 1009 Hadriano.

135 1088 154 1150 5
282 1084 346 1146 Nun
357 1084 544 1160 Dindymene,
560 1101 617 1143 non
628 1082 718 1158 adytis
731 1085 819 1160 quatit

284 1167 406 1229 Mentem
417 1167 595 1227 sacerdotum
610 1165 702 1227 incola
711 1166 837 1244 Pythius,

337 1250 403 1312 Non
415 1249 610 1328 Liberaeque,
623 1267 681 1310 non
696 1259 777 1310 acuta

387 1333 436 1395 Sic
446 1336 588 1412 geminant
599 1332 775 1410 Corybantes
788 1351 863 1409 aera,

284 1466 392 1528 Tristes
403 1476 433 1529 ut
447 1469 517 1543 irae,
530 1485 600 1546 quas
615 1486 709 1546 neque
720 1467 841 1528 Noricus

134 1555 175 1617 10
279 1549 411 1612 Deterret
426 1553 504 1612 ensis
516 1569 571 1611 nec
581 1569 657 1612 mare
672 1551 835 1629 naufragum

333 1634 395 1696 Nec
405 1653 508 1695 saevus
519 1636 596 1714 ignis
607 1653 661 1696 nec
672 1633 819 1695 tremendo

390 1716 519 1798 Iuppiter
528 1722 595 1797 ipse
607 1737 693 1778 ruens
707 1715 834 1776 tumultu.

282 1850 383 1912 Fertur
392 1850 587 1926 Prometheus,
601 1849 704 1909 addere
721 1849 840 1926 principi

219 2010 222 2017 Ι
281 1933 359 1995 himo
372 1931 797 2011 coactusparticuiamundique
890 1952 894 1959 ·

134 2023 173 2085 15
334 2015 499 2093 Desectam,
518 2025 547 2076 et
559 2017 649 2076 insani
660 2015 751 2075 leonis

386 2101 450 2161 Vim
461 2100 606 2160 stomacho
622 2101 793 2177 apposuisse
803 2109 911 2160 nostro.

288 2235 350 2296 Irae
364 2233 507 2311 Thyesten
520 2235 606 2293 exitio
622 2235 701 2312 gravi

283 2319 426 2395 Stravere,
441 2325 469 2377 ct
480 2317 543 2377 aitis
554 2317 670 2377 urbibus
680 2317 792 2377 ultimae

308 2442 309 2447 κ
334 2402 446 2462 Stetere
457 2418 570 2479 causac,
585 2420 635 2461 cur
646 2404 772 2480 perirent

134 2489 175 2553 20
250 2526 261 2537 -
386 2483 522 2545 Funditus
533 2487 762 2564 imprimeretque
773 2486 859 2544 muris

283 2618 393 2679 Hostile
408 2627 527 2678 aratrum
538 2621 680 2681 exercitus
695 2617 831 2679 insolens.

284 2700 445 2780 Compesce
455 2712 589 2762 mentem:
600 2723 645 2762 me
657 2716 772 2779 quoqne
784 2700 910 2775 pectoris

338 2784 468 2846 Tentavit
478 2787 506 2845 in
522 2784 597 2844 dulci
613 2788 724 2843 iuventa

385 2867 505 2944 Feruor,
521 2875 550 2926 et
561 2869 589 2925 in
601 2867 712 2926 celeres
726 2866 835 2926 iambos

133 3003 172 3066 25
285 2998 363 3061 Misit
373 3001 525 3069 furentem
540 3019 613 3060 nunc
628 3017 684 3078 ego
697 3000 809 3060 mitibus

263 3112 265 3119 ·
283 3083 392 3144 Mutare
404 3101 511 3163 quaero
525 3087 624 3161 tristia,
645 3083 709 3143 dum
720 3084 786 3142 mihi

334 3166 401 3228 Fias
412 3169 562 3227 recantatis
578 3171 667 3228 amica

388 3249 557 3329 Opprcbriis
573 3253 750 3327 animumque
762 3250 875 3311 reddas.

911 345 914 349 .
962 305 1028 371 [oa.
1044 304 1098 374 ra]
