2266 3878
90 277 250 347 [smum]
511 272 621 335 LIBER
630 272 668 336 ll.

83 419 174 486 Forte
187 423 361 493 coheredum
374 425 470 485 senior
479 424 552 486 male
564 429 679 501 tussiet,
695 426 760 485 boio
771 436 800 486 tn

78 504 157 585 Die,
175 526 215 569 ex
225 517 305 587 parte
314 516 361 568 tua
373 527 424 567 seu
435 508 512 568 fundi
525 511 587 569 sive
598 510 696 569 demus
708 511 745 568 sit

76 586 201 668 Emtor,
219 589 387 669 gaudentem
397 609 508 651 nummo
521 600 550 651 te
561 592 702 652 addicere.
717 625 754 637 -
771 592 828 653 Sed
838 611 883 653 me

74 670 247 755 Imperiosa
259 675 342 735 trabit
352 673 534 753 Proserpina:
548 678 614 735 vive
623 674 754 754 valeque.
991 681 1051 742 110

439 990 623 1051 §MIRA
643 995 708 1050 v1·

73 1097 147 1160 lloo
159 1106 221 1158 erat
232 1100 260 1157 in
270 1100 359 1158 votis:
373 1099 471 1161 modus
482 1103 543 1182 egri
554 1121 610 1162 non
623 1105 661 1164 ita
673 1119 800 1180 magnus,

73 1180 192 1243 Hortus
203 1181 251 1242 ubi
263 1190 291 1241 et
302 1190 378 1242 teoto
389 1185 498 1245 vicinus
515 1188 589 1264 iugis
602 1204 691 1265 aquae
703 1187 766 1246 lons

73 1262 118 1327 Et
131 1264 248 1345 paulum
258 1264 347 1325 siluae
359 1269 500 1345 superbis
511 1268 595 1329 ieret.
615 1270 732 1329 Auotius
745 1278 829 1347 atque
922 1272 938 1326 ¹.

73 1347 355 1409 Dimaliusieeere
377 1349 454 1410 Bene
470 1360 521 1412 est.
548 1351 594 1410 Nil
608 1352 800 1430 ampliusoro,
900 1385 902 1390 ·

74 1429 159 1493 dlaia
168 1433 317 1507 nate,.nisi
328 1442 357 1492 ut
369 1436 483 1512 propria
493 1435 565 1494 baec
576 1435 641 1495 mibi
653 1453 766 1494 munera
777 1436 858 1499 laxis.
1028 1439 1046 1498 5

78 1517 113 1594 Si
125 1533 223 1594 neque
233 1517 366 1575 maiorem
377 1518 434 1576 leel
444 1520 553 1577 ratione
563 1518 634 1577 mala
648 1537 719 1595 rem,

77 1600 147 1660 Neo
159 1617 222 1659 sum
233 1597 357 1659 laoturus
368 1602 437 1659 vitio
450 1600 570 1679 culpave
580 1603 730 1669 minorem;
813 1630 818 1649 ι

79 1684 114 1744 Si
126 1697 252 1743 veneror
261 1681 362 1742 stultus
374 1684 442 1743 nihil
453 1684 565 1744 borum:
580 1684 666 1760 „0'si
682 1684 800 1762 angulas
811 1683 860 1745 ille
959 1693 960 1696 ’

85 1742 256 1845 „Pr⁸oximns
267 1765 399 1842 aooedat,
414 1770 461 1845 qui
472 1785 545 1828 nune
555 1768 698 1828 denormat
708 1767 868 1846 agellum!“

82 1850 133 1928 „0
146 1852 171 1910 si
183 1867 278 1909 urnam
288 1853 397 1928 argenti
408 1850 468 1910 fors
480 1870 553 1931 quae
564 1853 630 1911 mibi
641 1860 786 1928 monstret,
800 1860 830 1911 ut
841 1851 891 1926 illi,
971 1889 978 1902 ·
1008 1854 1047 1915 10

81 1933 255 2011 „Thesauro
269 1933 383 1993 invento
396 1936 444 2012 qui
454 1938 644 1996 mercenarius
655 1953 753 2014 agrum

82 2016 190 2095 „lllum
203 2018 296 2095 ipsum
313 2026 453 2079 mercatus
465 2021 567 2096 aravit,
581 2018 661 2078 dives
673 2021 762 2078 amieo
837 2034 838 2039 ’

83 2099 270 2178 ,,ΗοτοιιΙοἙ“
284 2121 336 2170 -;
348 2103 383 2176 si,
398 2102 474 2180 quod
485 2103 575 2180 adest,
588 2112 696 2181 gratum
707 2105 799 2169 iuvat;
811 2102 863 2161 lrao
875 2117 962 2178 preoe

73 2198 80 2209 “
585 2195 615 2245 te
626 2203 692 2246 oro:

84 2267 191 2346 Pingue
206 2284 295 2345 peons
308 2267 422 2327 domino
436 2269 523 2329 iaoias
538 2276 566 2327 et
578 2279 673 2327 cetera
685 2277 796 2346 praetor

84 2349 240 2430 Ingenium,
253 2359 339 2429 utque
350 2351 439 2426 soles,
453 2360 549 2411 eustos
562 2351 628 2411 mibi
640 2354 774 2410 maximus
785 2329 873 2408 adsis!
1007 2351 1045 2413 15

84 2432 161 2513 llrgo
173 2433 222 2494 ubi
232 2452 278 2493 me
288 2437 317 2494 in
327 2445 437 2495 montes
450 2445 478 2496 et
488 2437 516 2495 ib
527 2452 621 2494 aroem
633 2453 669 2493 ex
680 2434 748 2492 urbe
760 2432 877 2508 removi,

81 2516 159 2593 ,Quid
170 2519 248 2595 prius
259 2517 396 2578 illustrem
409 2522 501 2579 satiris
513 2517 651 2596 Musaque
662 2513 806 2595 pedestri?

85 2600 145 2661 Neo
158 2600 288 2662 malama
299 2603 413 2663 ambitio
426 2602 518 2681 perdit
531 2620 585 2661 neo
597 2600 743 2678 plumbeus
753 2599 857 2658 Auster

84 2685 316 2763 Auotumnusque
326 2690 438 2763 gravis,
455 2684 590 2745 Libitinae
602 2693 736 2762 quaestus
747 2682 876 2743 acerbae.
1116 2756 1118 2761 Ι

83 2767 218 2829 llatutine
229 2777 324 2848 pater,
338 2786 389 2829 seu
401 2768 468 2829 lane
479 2768 611 2827 libentius
623 2766 712 2842 audis,
861 2837 864 2841 ¹
1005 2769 1046 2830 20

82 2851 163 2912 Unde
172 2851 301 2911 homines
313 2869 431 2930 operum
443 2854 548 2930 primos
562 2854 695 2928 vitaeque
705 2849 817 2909 labores

82 2933 231 2996 Instituunt
242 2968 253 2980 ·
265 2937 308 2995 sie
319 2936 361 2995 dis
374 2936 505 3014 placitum
516 2967 543 3011 ·,
555 2943 585 2993 tu
597 2935 724 2995 earminis
739 2942 800 2992 esto

82 3016 261 3098 Principium.
284 3020 391 3080 Romae
404 3034 571 3098 sponsorem
582 3020 723 3096 menapis.
746 3015 832 3094 „uta

80 3102 150 3179 „Ne
166 3105 244 3181 prior
255 3104 351 3164 olbeio
364 3106 510 3183 quisquam
521 3103 708 3181 respondeat,
722 3118 792 3179 urge
802 3101 833 3160 !“

82 3188 149 3246 Sive
160 3186 265 3266 Aquilo
276 3187 347 3248 radit
359 3198 447 3248 terras
459 3206 509 3247 seu
524 3189 619 3247 bruma
631 3185 750 3246 nivalem
785 3215 787 3219 >
883 3241 887 3251 ,

82 3268 219 3330 Interiora
234 3273 306 3332 diem
318 3289 389 3351 gyro
401 3274 497 3348 trabit,
510 3274 552 3332 ire
563 3288 683 3331 neeesse
695 3276 748 3326 est.

81 3351 246 3428 Postmodo,
259 3354 334 3429 quod
346 3357 382 3416 mi
395 3357 479 3435 obsit,
493 3355 567 3416 olere
583 3363 745 3428 semumque
756 3349 852 3409 locuto

121 3437 282 3488 nonarius.
657 3452 658 3455 ¹
817 3432 851 3486 13
