2266 3878
89 285 199 368 [mus]
351 380 357 392 ἱ
480 239 632 350 susas

696 352 822 460 dut

440 481 537 541 omn
552 481 650 541 xvl.
690 442 699 449 '¹

316 583 361 636 so
379 583 555 636 cononum
569 583 762 638 nominum.

152 693 418 755 Alteraiamteritur
427 692 511 753 bellis
523 693 652 753 civilibus
663 702 751 770 aetas,
784 734 788 745 ,

189 777 254 838 Suis
267 786 296 838 et
306 779 370 856 ipsa
380 777 470 838 Roma
481 777 589 836 viribus
598 779 666 836 ruit:

152 858 237 934 Quam
248 879 342 940 neque
355 861 459 921 finitimi
470 861 615 924 valuerunt
626 858 744 937 perdere
754 858 840 921 Marsi

187 942 307 1005 Minacis
321 953 368 1004 aut
376 942 496 1004 Enusca
507 944 647 1005 Porsenae
658 961 766 1020 manus,

149 1025 263 1088 Aemula
273 1045 328 1087 nec
337 1029 425 1087 virtus
438 1026 562 1104 Capuae,
574 1046 629 1088 nec
639 1028 790 1107 Spartacus
811 1046 878 1092 acer
1000 1028 1019 1091 b

187 1109 334 1188 uanaque
345 1111 429 1169 rebus
440 1109 559 1170 inddelis
569 1111 717 1189 Allobrox,

148 1191 207 1253 Nec
219 1192 279 1253 iera
294 1191 424 1254 caerulea
436 1192 540 1252 domuit
552 1192 697 1255 Germania
709 1195 784 1273 pube

186 1274 749 1354 Parentibusqueabominatuslianniba13

147 1356 394 1437 lmpiaperdemus
406 1357 500 1418 devoti
512 1362 753 1437 sanguineaque,
1034 1412 1037 1420 .

185 1440 324 1522 Ferisqne
334 1459 431 1502 rursus
443 1442 628 1520 occupabitur
638 1443 742 1521 solum!
777 1498 781 1505 ,
977 1449 1018 1510 10

145 1523 281 1585 barbarus
293 1525 350 1586 ben
361 1527 472 1586 cineres
483 1527 593 1585 insistet
603 1528 710 1603 uictor,
723 1535 752 1586 et
762 1526 866 1587 Urbem

184 1606 282 1687 Eques
294 1616 412 1669 sonante
419 1608 581 1669 -verberabit
592 1609 705 1687 ungula,

145 1688 281 1770 Quaeque
293 1700 389 1757 carent
398 1693 490 1751 ventis
501 1702 529 1752 et
541 1693 649 1752 solibus
663 1710 729 1753 ossa
741 1691 874 1772 Quirini,-

184 1774 272 1835 Neias
282 1774 380 1835 videre
392 1807 403 1819 ·
415 1775 563 1854 dissipabit
574 1776 714 1836 insolens!

144 1856 238 1934 Forte,
251 1858 318 1937 quid
333 1858 474 1936 expediat,
487 1862 667 1919 communiter
678 1867 725 1918 aut
738 1859 837 1920 melior
848 1877 914 1939 pars
974 1867 1014 1926 15

183 1939 265 2002 dialis
277 1958 373 2002 carere
386 1944 518 2020 quaeritis
529 1942 686 2004 laboribus:

143 2023 225 2085 Nulla
235 2026 272 2085 sit
282 2026 335 2086 bac
346 2028 441 2104 potior
455 2029 601 2102 sententia,
615 2027 806 2099 Phocaeorum
937 2062 940 2067 ,

182 2106 267 2169 Velut
277 2109 403 2187 profugit
415 2117 558 2169 exsecrata
572 2113 670 2170 civitas

142 2190 543 2270 Agrosatquebarespatrios
573 2193 777 2272 habitandaque
789 2194 851 2254 iana

113 2289 121 2306 ·
182 2273 267 2353 Apris
277 2274 392 2354 reliquit
403 2283 431 2335 et
441 2276 589 2354 rapacibus
599 2274 703 2354 iupis‚¹
972 2283 1013 2344 20

142 2357 200 2434 ire,
214 2357 303 2437 pedes
314 2372 483 2438 quocunque
493 2359 596 2435 ferent,
610 2376 778 2438 quocunque
790 2378 842 2438 per
851 2361 938 2422 undas

181 2441 273 2502 Notus
283 2441 398 2502 vocabit
410 2450 457 2502 ant
470 2452 617 2520 protervus
627 2442 749 2502 Africus.

143 2525 190 2585 Sic
200 2521 313 2604 placet?
325 2526 360 2584 an
370 2524 470 2585 melius
482 2527 544 2604 quis
553 2527 637 2586 habet
649 2523 969 2589 suaderei-Secunda

181 2607 281 2670 Ratem
292 2624 435 2685 occupare
445 2608 513 2687 quid
522 2626 660 2669 moramur
671 2607 758 2668 alite?
955 2660 958 2673 ,

142 2691 198 2751 Sed
207 2693 332 2751 iuremus
342 2692 370 2751 in
381 2691 466 2752 baec:
481 2694 570 2753 Simul
585 2696 647 2753 imis
659 2712 724 2752 saxa
735 2695 858 2753 renarint
970 2697 1009 2758 25

181 2773 385 2850 vadislaum,
397 2793 434 2834 ne
446 2774 539 2834 redire
551 2778 587 2835 sit
596 2775 691 2843 neias;

141 2855 203 2919 Neu
214 2875 352 2918 conversa
367 2857 482 2918 domum·
496 2860 592 2936 pigeat
605 2858 671 2918 dare
683 2859 782 2935 lintea,
795 2858 905 2938 quamn

179 2940 272 3003 Padus
282 2940 385 3001 Matina
397 2940 496 3001 laverit
507 2944 660 3018 cacumina,

140 3020 171 3084 ln
180 3043 257 3086 mare
268 3042 320 3086 seu
335 3025 430 3085 celsus
441 3029 611 3102 procurrerit
620 3025 795 3104 Apenninus,

179 3107 318 3187 novaque
328 3116 452 3169 monstra
463 3111 581 3168 iunxerit
592 3109 707 3169 libidine
947 3159 951 3163 .
969 3111 1011 3173 30

139 3189 226 3252 llirus
238 3209 326 3268 amor,
342 3194 419 3252 iuvet
429 3200 459 3251 ut
468 3194 556 3270 tigres
567 3192 714 3252 subsidere
726 3195 827 3268 cernis,

180 3275 646 3352 Adultereturetcolumbamilno‚

141 3356 260 3420 Credula
270 3377 326 3420 nec
340 3378 423 3422 ravos
435 3360 549 3419 timeant
558 3368 680 3420 armenta
691 3359 800 3435 leones,

103 3448 256 3497 nominos.
514 3442 519 3451 “
601 3489 604 3494 .
847 3430 864 3485 9
