2266 3878
113 280 175 345 sm
468 272 729 358 urrsuomnuu
928 242 1105 352 [rpem

136 438 177 499 20
197 432 335 510 Prodigus
347 440 377 509 et
388 430 488 490 stultus
500 428 584 489 donat
593 422 668 506 'quae
680 428 788 505 spernit
799 434 828 485 et
840 425 916 486 odit:

147 520 155 543 ‘
196 517 275 577 llaec
289 533 376 593 seges
388 517 513 591 ingratos
523 513 586 572 tulit
601 521 630 570 et
643 512 717 571 ieret
728 511 857 570 omnibus
870 512 961 573 anuis.

196 600 247 660 Vir
257 601 348 659 bonus
360 607 388 658 et
400 599 515 676 sapiens
530 596 673 675 dignis'ait
685 613 750 655 esse
763 603 891 672 paratus„
1070 591 1073 596 '

197 685 259 744 Nec
270 692 362 743 tamen
372 685 483 761 ignorat
493 680 560 760 quid
571 681 674 739 distent
686 697 751 739 aera
764 679 881 756 lupinis.
1009 735 1018 757 ¹,

117 782 122 799 ¹
196 769 318 846 Dignum
330 766 480 845 praestabo
493 784 538 826 me
550 768 633 824 etiam
645 779 696 841 pro
707 761 790 824 laude
800 764 947 822 merentis.

136 849 175 912 25
198 851 306 925 Quodsi
318 869 363 910 me
374 851 456 911 noles
467 867 584 928 usquam
596 847 761 923 discedere,
780 845 883 905 reddes
913 902 916 913 ,

133 930 138 968 l
196 935 282 995 Forte
292 934 379 1011 latus,
395 936 493 1012 nigros
504 941 621 1011 angusta
632 932 725 1003 fronte
737 929 867 1008 capillos,
975 934 979 943 ‘

196 1018 311 1081 Reddes
324 1017 406 1078 dulce
418 1018 512 1096 loqui,
526 1016 629 1076 reddes
644 1016 738 1075 ridere
750 1015 884 1074 decomm
898 1022 948 1073 et·

119 1134 121 1138 ·
195 1102 273 1163 inter
285 1105 349 1161 vina
362 1102 456 1178 fugam
470 1100 587 1161 Cinarae
598 1117 725 1159 maerere
736 1109 896 1177 protervae.
995 1162 997 1169 ,

165 1200 166 1203 ’
196 1185 282 1246 Forte
293 1203 345 1263 per
357 1194 502 1263 angustam
517 1186 610 1244 tenuis
621 1183 773 1261 vulpecula
786 1180 883 1242 rimam

28 1325 33 1330 .
135 1271 176 1333 80
196 1270 338 1347 Repserat
352 1270 380 1328 in
392 1286 531 1329 cumeram
543 1267 691 1344 immenti,
707 1276 844 1346 pastaque
856 1283 954 1326 rursus

196 1352 242 1413 lre
253 1351 330 1413 foras
347 1352 430 1431 pleno
442 1352 575 1412 tendebat
587 1368 709 1430 corpore
721 1352 840 1419 frustum
973 1419 975 1423 ,

197 1435 249 1512 Gui
260 1437 379 1497 mustela
392 1437 491 1515 procul
502 1437 557 1513 „Si
568 1438 636 1497 vis“
647 1438 685 1496 ait
698 1435 850 1513 „effugere
861 1435 956 1511 istinc,

197 1519 314 1597 „blatra
326 1539 424 1581 cavum
434 1518 551 1599 repetes
564 1530 667 1597 artum,
684 1538 767 1600 quem
780 1536 872 1579 maora
884 1518 1019 1579 subisti.“

196 1603 256 1665 liae
271 1623 327 1683 ego
339 1607 363 1664 si
375 1605 532 1683 compellor
542 1607 678 1683 imagine,
696 1613 795 1664 cuncta
809 1604 939 1680 resigno:

38 1760 42 1767 ,
134 1690 174 1752 35
196 1687 258 1767 ileo
270 1707 396 1748 somnum
409 1689 501 1767 plebis
513 1688 597 1748 laudo
608 1697 684 1748 satur
694 1688 827 1764 altilium,
843 1705 897 1746 nec

198 1771 260 1832 Otia
272 1772 376 1833 divitiis
386 1773 509 1834 Mabum
520 1773 660 1832 liberrima
671 1780 757 1833 muto.

196 1857 289 1934 Saepe
301 1856 491 1916 verecundum
503 1856 637 1933 laudasti,
650 1873 757 1934 rexque
769 1865 906 1934 paterque

195 1939 305 1998 Audisti
317 1957 426 2016 eoram,
443 1958 497 2000 nee
508 1941 597 2000 verbo
609 1942 722 2017 parcius
738 1941 857 2000 absens:

195 2021 319 2099 Inspice,
337 2025 361 2081 si
376 2040 492 2100 possum
507 2024 607 2085 donata
618 2040 760 2102 reponere
771 2024 871 2084 laetus.

134 2107 176 2169 40
195 2105 275 2165 Haud
285 2106 358 2166 male
370 2105 572 2184 Telemachus,
590 2108 687 2186 proles
700 2109 829 2186 patientis
841 2105 950 2168 Ulixei:
991 2164 994 2171 .

195 2189 283 2267 „Non
295 2199 338 2249 est
349 2200 430 2269 aptus
443 2194 524 2270 equis
535 2191 632 2253 ltbace
661 2190 758 2269 iocus,
774 2202 804 2253 ut
815 2209 909 2270 neque
922 2192 1009 2270 planis
1034 2210 1041 2224 ’

111 2311 112 2314 =
195 2272 368 2351 „Porrectus
380 2277 478 2354 spatiis
490 2295 543 2336 nec
554 2277 656 2338 multae
668 2278 805 2356 prodigus
817 2276 924 2337 herbae
931 2298 938 2346 ;
959 2322 967 2331 ..

194 2357 328 2435 „Atridc,
346 2362 435 2437 magis
449 2370 514 2440 apta
523 2362 573 2422 tibi
583 2370 631 2423 tua
643 2361 714 2422 dona
725 2361 916 2440 relinquam.“

192 2440 309 2501 Parvmn
320 2459 404 2520 parva
416 2444 531 2505 decent:
545 2446 612 2506 mibi
623 2449 677 2506 iam
690 2464 747 2507 non
758 2449 837 2524 regia
847 2443 949 2522 Roma,

134 2523 172 2588 45
194 2525 252 2585 Sed
263 2543 382 2585 vacuum
397 2526 483 2588 Tibur
497 2530 591 2607 placet
602 2539 649 2590 aut
663 2529 776 2590 imbelle
789 2529 948 2590 Tarentum.

194 2609 331 2668 Strenuus
342 2619 370 2670 et
381 2612 461 2673 fortis
474 2616 625 2692 causisque
636 2612 783 2692 Philippus
794 2611 912 2691 agendis

194 2689 309 2769 Clarus,
327 2694 361 2754 ab
374 2695 476 2756 officiis
489 2706 616 2757 octavam
628 2700 739 2758 circiter
752 2697 849 2757 boram

192 2776 265 2836 Dum
277 2778 350 2839 redit
360 2789 444 2859 atque
456 2780 531 2842 Foro
545 2785 657 2842 nimium
669 2781 773 2841 distare
785 2778 901 2842 Carinas

192 2858 250 2920 Iam
261 2862 373 2939 modis
385 2873 450 2924 natu
462 2868 603 2943 queritur,
623 2868 788 2944 conspexit,
805 2874 835 2924 ut
846 2866 933 2942 aiunt,

131 2942 172 3005 50
191 2943 328 3005 Abrasum
340 2947 478 3026 quendam
489 2967 578 3009 vacua
590 2953 713 3009 tonsoris
724 2952 753 3009 in
764 2949 861 3009 umbra

192 3024 314 3090 cultello
329 3033 460 3109 proprios
473 3040 637 3109 purgantem
649 3033 751 3094 leuiter
761 3051 882 3111 ungues.

191 3111 341 3189 „Demetri
348 3115 383 3188 ,“
396 3145 407 3157 ·
422 3131 493 3191 puer
504 3116 551 3174 hic
562 3132 618 3174 non
629 3116 710 3176 laeve
722 3119 798 3177 iussa
809 3116 932 3195 Philippi

190 3194 358 3274 decipiebat
371 3231 385 3240 -
397 3197 482 3275 „abi,
501 3216 606 3277 quaere
619 3208 647 3259 et
658 3201 750 3277 reier,
768 3201 841 3260 unde
853 3201 957 3280 domo,
977 3201 1048 3281 quis,

103 3310 106 3323 ·
190 3278 303 3356 „Cuius
317 3279 461 3358 fortunae,
479 3300 535 3361 quo
546 3285 584 3341 sit
594 3292 674 3360 patre
685 3301 779 3363 quove
791 3289 947 3364 patrono.“

126 3362 167 3422 55
188 3362 227 3439 lt,
244 3363 317 3424 redit
329 3374 358 3425 et
368 3375 474 3443 narrat,
490 3365 631 3428 Vulteium
641 3369 753 3429 nomine
765 3366 888 3446 Menmn,

57 3492 309 3677 Ὗ,
