2266 3878
71 271 127 348 ro]
415 264 525 327 unnn
540 264 563 325 1.
913 263 974 329 1⁵7
1030 297 1032 301 -

343 473 539 548 'suumn
560 475 624 530 vn.

93 584 174 660 Non,
187 584 268 662 quia,
280 581 446 661 Maecenas,
460 584 600 659 Lydorum
612 584 748 662 quidquid
757 569 895 649 Etrufieos
978 624 983 643 r

92 667 215 729 lneoluit
230 666 315 743 fines,
331 682 414 726 nemo
425 670 594 745 generosior
605 677 649 727 est
663 677 703 744 te,

93 751 171 828 Noe,
184 749 262 829 quod
271 768 341 811 avus
353 750 403 811 tibi
413 760 552 810 metemus
564 750 616 810 init
626 760 711 828 atque
725 762 868 831 paternus,

94 834 168 895 Olim
181 835 229 914 qui
244 836 351 912 magnis
363 833 522 911 legionibus
534 835 734 912 imperitarenl

93 918 130 979 lit
139 916 271 998 plerique
282 917 475 992 solent,naso
487 917 758 1004 suspendisladnneo
953 927 972 988 5

93 999 227 1080 Ignotos,
244 999 471 1061 utmelibertino
483 1009 674 1078 patronatum.

95 1085 164 1145 Cum
175 1083 284 1145 referre
295 1101 400 1162 negas,
416 1083 491 1163 quali
502 1087 538 1143 sit
550 1087 670 1163 quisque
681 1094 796 1162 parente
866 1092 868 1099 “

94 1168 197 1244 Natus,
214 1166 278 1226 dum
288 1168 440 1244 ingenuus:
457 1168 611 1245 persuades
622 1169 678 1228 hoe
688 1169 739 1228 tibi
750 1188 830 1247 vere,

93 1251 165 1312 Ante
175 1259 347 1329 potestatem
361 1248 433 1310 Tulli
453 1259 538 1329 atque
548 1252 674 1329 ignobile
685 1270 802 1330 regnum

93 1333 197 1395 llultos
212 1352 300 1412 saepe
311 1335 389 1394 viros
399 1334 482 1393 nullis
494 1335 644 1395 maioribus
660 1345 739 1396 ortos
933 1341 973 1403 10

92 1417 245 1478 Etvixisso
257 1418 379 1496 probos,
393 1417 492 1494 amplis
504 1426 533 1478 et
544 1418 697 1479 honoribus
709 1430 823 1489 auotos;

94 1501 199 1563 contra
209 1499 376 1578 Laevinum,
388 1500 484 1562 Valeri
498 1520 604 1579 genus,
617 1502 691 1563 unde
703 1503 847 1580 Superbus

93 1584 261 1665 Tarquinius
272 1602 361 1663 regno
373 1584 471 1663 pulsus
483 1584 570 1663 fugit,
586 1587 668 1645 unius
679 1588 752 1646 assis

91 1668 155 1730 Non
164 1668 286 1748 unquam
302 1671 395 1746 pretio
407 1667 495 1747 pluris
505 1668 639 1745 licuisse,
651 1679 765 1728 notante

91 1751 206 1829 ludios,
226 1769 283 1831 quo
293 1754 384 1828 nosti,
398 1751 526 1830 populo,
550 1755 598 1830 qui
610 1752 846 1814 stultusbonores

92 1837 186 1915 Saepe
197 1835 244 1906 dat
254 1835 376 1913 indignis
387 1845 416 1896 et
427 1837 517 1896 famae
528 1838 615 1896 servit
626 1838 749 1915 ineptus,

93 1919 147 1993 Qui
158 1928 256 1998 stupet
270 1921 298 1980 in
308 1920 396 1979 titulis
407 1929 436 1979 et
445 1920 623 1997 imaginibus.
647 1918 721 1993 Quid
734 1929 847 1998 oportet

92 2003 150 2064 Nos
164 2003 262 2063 faeere
275 2003 388 2082 aunlgo
401 2004 488 2081 longe
498 2002 644 2082 longeque
654 2001 800 2064 remotosi

91 2086 220 2166 Namque
232 2094 309 2164 esto,
333 2087 457 2165 populus
466 2085 589 2148 laevino
601 2088 696 2148 mallet
710 2089 846 2148 honorem

92 2170 183 2244 Quam
192 2169 285 2230 Deeio
296 2170 426 2231 mandare
437 2187 529 2247 novo,
546 2186 706 2250 censorque
717 2180 846 2232 moveret
930 2175 971 2237 20

92 2252 219 2333 Appius,
237 2255 361 2331 ingenuo
373 2257 397 2314 si
408 2270 465 2314 non
479 2272 573 2314 essem
586 2264 665 2332 patre
677 2265 768 2332 natus,

91 2335 144 2398 Vel
154 2339 268 2414 merito,
282 2339 413 2416 qnoniam
424 2340 452 2399 in
465 2339 579 2416 propria
590 2354 646 2398 non
658 2337 733 2415 pelle
745 2339 897 2416 quiessem.

91 2420 150 2480 Sed
161 2420 289 2499 fulgente
300 2421 383 2482 trahit
395 2424 563 2482 constrictos
573 2420 664 2499 gloria
676 2439 758 2480 eurru

91 2502 157 2565 Non
166 2505 258 2563 minus
268 2505 382 2581 ignotos
392 2500 552 2583 generosis.
576 2504 640 2576 Quo
654 2505 721 2581 tibi,
734 2504 808 2582 lilii,

92 2586 210 2647 Sumere
222 2586 382 2665 depositum
392 2589 501 2649 olavum
510 2589 628 2666 fierique
637 2585 769 2648 tribuno?
930 2593 970 2654 25

91 2667 200 2731 Inuidia
211 2673 352 2748 demerit,
371 2674 479 2750 privato
491 2690 564 2751 quae
578 2673 669 2730 minor
682 2680 769 2731 esset.

92 2752 163 2815 Nam
174 2762 205 2814 ut
217 2756 338 2834 quisque
350 2758 462 2815 insanus
474 2758 561 2833 nigris
572 2755 693 2814 medium
704 2756 831 2835 impediit
844 2774 907 2816 erus

91 2835 217 2898 Pellibus
228 2845 258 2896 et
268 2838 353 2898 latum
364 2839 475 2898 demisit
486 2848 602 2917 peetore
615 2838 733 2916 olavum,

92 2919 179 3011 Apdit
193 2922 328 2982 eontinno
346 2920 441 2998 „Quis
453 2923 537 2982 bomo
549 2918 639 2983 Ιιῑοῗιι
659 2931 688 2982 et
706 2921 795 2999 „Quo
808 2933 887 3001 patre

644 3005 768 3066 natusl“

91 3085 143 3163 Ut,
157 3089 240 3166 siqui
251 3096 381 3164 aegrotet
394 3106 450 3168 quo
462 3091 560 3151 morbo
575 3090 692 3168 barrus,
707 3090 804 3150 haberi
928 3092 969 3152 30

91 3168 128 3229 Ut
140 3173 234 3248 enpiat
244 3170 403 3248 formosus,
422 3181 467 3232 eat
478 3191 662 3253 quacunque,
676 3174 778 3252 puellis

83 3249 202 3314 ‚lniieiat
213 3271 306 3313 euram
319 3255 470 3331 quaerendi
485 3258 610 3336 singula,
625 3255 700 3335 quali

96 3335 137 3395 Sit
151 3336 243 3414 faeie,
258 3354 341 3414 sura,
355 3339 430 3416 quali
444 3339 533 3417 pede,
548 3340 645 3416 dente,
659 3339 777 3417 eapillo:
