2266 3878
27 272 87 336 rto
402 273 616 334 sannarum
827 281 956 356 [smne

107 409 145 486 iit
161 426 304 485 metiretur
314 442 456 501 nummos,
472 428 510 485 ita
524 427 671 503 sordidus,
691 437 721 487 ut
735 445 768 486 se

109 509 173 569 Non
186 527 305 586 unquam
317 527 401 568 servo
412 509 512 569 melius
523 512 656 586 vestiret,
673 510 817 589 adusque·

110 593 276 669 Supremam
290 601 415 671 tempus,
430 612 466 652 ne
480 611 512 652 se
524 596 639 670 penuria
649 596 741 653 rictus

106 675 464 763 ,Opprimeret,metucbat.
497 675 535 736 At
544 678 617 737 hunc
629 676 728 736 liberta
739 679 833 737 securi

27 760 87 821 100
108 759 212 819 Diuisit
224 758 359 836 medium,
373 761 525 819 fortissima
537 759 761 835 Tyndaridarum.

110 841 210 915 §Quid
220 845 257 901 mi
268 844 353 921 igitur
363 841 484 902 suades?
495 842 532 902 Ut
541 846 633 902 vivan
641 843 784 922 Maenius,
801 853 848 904 aut
858 847 910 917 sic,

107 926 145 987 Ut
157 923 367 986 Nomentanus?
378 931 398 996 9
408 926 506 1004 Pergis
518 929 668 1004 pugnantia
683 926 780 986 secum
893 921 897 930 ’

108 1009 258 1070 Frontibus
274 1009 401 1069 adversis
416 1026 602 1086 componere:
617 1028 673 1069 non
687 1027 758 1088 ego,
773 1030 887 1072 avarum

59 1096 62 1101 ’
109 1091 179 1152 Cum
192 1102 259 1151 veto
273 1101 302 1151 te
315 1093 375 1152 lieri
384 1110 529 1170 ,vappam
543 1092 628 1152 iubeo
638 1111 672 1153 ac
686 1093 866 1156 nebulonem.

26 1174 85 1238 105
106 1176 157 1236 Est
168 1176 239 1235 in'ter
249 1175 352 1235 Tanain
364 1176 492 1253 quiddam
503 1193 689 1255 socerumque
700 1176 811 1237 Viselli.

106 1259 159 1320 Est
173 1258 272 1317 modus
284 1260 312 1318 in
324 1260 424 1335 rebus,
441 1268 504 1319 sunt
515 1262 584 1318 certi
597 1259 717 1337 denique
729 1261 810 1336 lines,

109 1342 188 1415 Quos
199 1341 270 1401 ultra
282 1343 406 1421 citraque
420 1344 517 1422 nequit
528 1345 686 1404 consistere
695 1353 812 1404 rectum.
827 1380 865 1390 -
944 1358 947 1373 ¹

105 1423 191 1500 Illuc,
205 1424 278 1484 unde
288 1426 358 1502 abii,
375 1426 480 1486 redeo:
494 1441 577 1484 nenro
590 1433 621 1484 ut
632 1441 732 1491 avarus
763 1462 765 1473 ·

108 1508 145 1567 Sc
158 1508 303 1586 probetac
317 1512 412 1587 potius
423 1509 517 1570 laudet
527 1509 639 1570 diversa
653 1518 817 1588 sequentes,

25 1596 85 1656 110
107 1591 246 1671 Quodque
261 1590 351 1653 aliena
363 1592 470 1671 capella
480 1601 561 1671 gerat
575 1593 722 1652 distentius
736 1595 817 1670 uber,

106 1675 259 1751 labescat,
272 1695 366 1755 neque
378 1696 410 1736 se
421 1679 518 1736 maiori
530 1679 727 1757 pauperiorum
815 1733 823 1741 .

97 1757 216 1845 Jl'urbae
236 1769 396 1837 comparet,
420 1761 493 1820 hunc
511 1760 595 1838 atque
614 1760 688 1819 bunc
707 1777 843 1888 supprare
858 1760 896 1820 la·

680 1844 776 1904 bonet.

106 1925 154 1985 Sic
167 1926 307 1985 festinanti
319 1943 433 2003 semper
442 1924 613 2002 locupletior
624 1927 725 2003 obstat,

105 2008 157 2083 Ut,
173 2026 234 2066 cum
247 2008 407 2068 carceribus
418 2011 521 2090 missos
533 2011 606 2087 rapit
616 2011 718 2087 ungula
733 2028 842 2088 currus,
856 2060 859 2067 .

22 2089 82 2150 115
104 2089 192 2150 Instat
202 2093 284 2168 equis'
294 2093 390 2168 auriga
403 2109 470 2150 suos
483 2093 673 2169 uincentibus,
689 2093 766 2152 illurn

71 2220 73 2225 .
104 2173 285 2234 Praeteritum
296 2183 423 2234 temnens
434 2184 575 2237 extremos
588 2175 793 2237 intereuntem.

104 2256 173 2317 Inde
190 2258 236 2333 lit,
254 2268 284 2318 ut
295 2259 375 2334 raro,
389 2261 437 2336 qui
449 2277 481 2318 se
492 2261 600 2317 vixisse
610 2260 722 2319 beatum

103 2340 186 2400 Dicat
198 2350 226 2400 et
236 2350 336 2418 exacto
349 2351 496 2402 contentus
508 2351 636 2419 ternpore
647 2345 703 2402 vita
715 2372 720 2383 ·

105 2421 194 2484 Cedat
204 2427 244 2484 uti
260 2428 378 2486 conviva
389 2434 480 2502 satur,
493 2428 619 2503 reperire
631 2445 776 2503 queamus.
791 2461 829 2473 -

102 2505 160 2566 lam
177 2510 245 2568 satis
258 2518 310 2569 cst.
353 2509 398 2569 Ne
412 2529 457 2568 me
473 2507 595 2586 Crispini
607 2511 708 2569 scrinia
723 2511 794 2588 lippi

104 2587 281 2668 compilasse
296 2602 397 2671 putes,
413 2594 530 2652 verbum
540 2609 597 2652 non
607 2593 726 2671 amplius
738 2594 847 2654 addam.

380 2911 564 2967 §MIRA
574 2911 627 2966 11.

40 3064 51 3079 .
99 3013 315 3075 Ambubaiarum
330 3016 467 3094 collegia,
483 3017 728 3096 pbannacopolae,

31 3108 40 3119 ’
99 3095 237 3174 Mendici,
251 3099 367 3173 mimae,
383 3098 560 3176 balatrones,
574 3102 630 3160 boc
640 3119 732 3178 genus
745 3118 827 3163 omne
904 3126 907 3131 ’

35 3209 38 3214 ·
97 3178 236 3242 ldaestum
248 3199 283 3241 ac
297 3180 447 3242 sollicitum
462 3192 507 3242 est
519 3186 640 3245 cantoris
653 3193 743 3244 morte
755 3185 873 3264 Tigelli:

99 3262 213 3345 Quippe
223 3265 363 3343 benignus
375 3274 443 3326 erat.
468 3264 570 3326 Contra
582 3268 638 3344 hic,
652 3286 688 3327 nc
701 3268 838 3348 prodigus
849 3288 914 3330 esse

52 3340 73 3403 0
94 3344 213 3411 Dicatur
223 3358 367 3426 metuent,
383 3350 461 3427 inopi
475 3348 540 3409 dare
552 3351 622 3410 nolit
637 3353 739 3426 amico,
816 3354 820 3363 ‘

144 3546 149 3571 Ι

107 3529 159 3640 ιζ
173 3614 178 3623 ’
217 3594 232 3639 ,ι
246 3634 251 3639 .
265 3618 335 3639 ,ιω-ΔΙ
