2266 3878
433 255 694 319 urrsrouuuuu
880 258 973 334 [555.
987 260 1031 331 n]

386 449 750 506 mesembriam.

280 559 372 637 'au
408 557 829 649 madaurensem.

169 682 267 742 Prisco
278 681 303 739 si
315 678 424 754 credis,
440 677 594 739 llaeceuas'
602 676 700 753 docte,
718 675 842 753 Cratino,
1009 680 1016 699 ¹

169 764 253 826 Nulla
264 763 377 841 placere
389 762 435 822 diu
445 780 500 821 nec
511 763 608 821 vivere
621 763 740 820 carmina
752 771 880 840 possunt,

93 862 97 875 ·
171 848 252 922 Quae
264 848 422 906 scribuntur
432 863 522 924 aquae
536 846 695 923 potoribus.
717 843 754 904 Ut
764 845 837 905 male
849 862 931 906 sanos

107 963 109 966 ⁴
169 931 328 1009 Adscripsit
338 929 422 989 hiber
433 929 540 1004 Satyris
553 927 713 1006 Faunisque
724 937 836 1006 poetas,

130 1020 148 1080 5
169 1017 240 1076 Vina
256 1014 317 1073 lere
330 1012 427 1072 dulces
439 1011 569 1071 oluerunt
584 1014 665 1070 mane·
677 1009 826 1072 Camenae.
857 1013 860 1018 '
972 1014 974 1018 '

170 1097 309 1159 Laudibus
320 1098 444 1173 arguitur
453 1097 510 1154 vini
521 1097 637 1154 vinosus
649 1093 802 1164 Homerus;
965 1166 967 1177 Α

170 1182 276 1242 Ennius
287 1183 351 1258 ipse
363 1187 442 1256 pater
451 1197 590 1256 nunquam
601 1180 655 1237 nisi
667 1188 751 1256 potus
762 1179 797 1238 ad
808 1197 881 1239 arum

171 1265 304 1325 Prosiluit
318 1262 446 1322 dicenda.
469 1261 596 1338 „Forum
608 1263 759 1341 putealque
770 1261 884 1322 bibonis
912 1260 921 1279 ‘

172 1345 860 1424 ,1110550110010010,·0011550510051500010τίοειι
1017 1348 1020 1353 ’

111 1435 152 1496 10
172 1431 234 1492 1100
246 1430 327 1492 simul
341 1430 431 1506 edixi,
446 1446 502 1489 uon
514 1447 666 1488 cessavcre
679 1439 781 1507 poetae

172 1515 316 1575 Nocturna
329 1523 438 1573 certare
449 1531 544 1590 mero,
562 1521 662 1590 putere
674 1513 783 1573 diurno.
883 1574 885 1579 ,
963 1512 966 1517 ’

173 1597 267 1672 Quid?
285 1601 309 1658 si
325 1600 388 1677 quis
399 1597 476 1657 vultu
487 1606 570 1656 torvo
581 1597 659 1656 ferus
671 1607 699 1657 et
711 1598 786 1675 pede
797 1597 872 1657 nudo
1001 1670 1004 1675 ι

171 1682 356 1760 Exiguaeque
371 1690 456 1758 togae
467 1680 578 1741 simulet
589 1689 699 1740 textore
712 1679 857 1757 Catonem,
903 1676 907 1693 ²

131 1780 133 1786 '
171 1768 344 1826 virtutemne
356 1772 550 1842 repraesentet
560 1780 710 1842 moresque
723 1762 859 1824 Catonis?

112 1855 151 1914 15
173 1851 260 1928 Rupit
272 1848 400 1908 Iarbitam
411 1846 571 1923 Timagenis
583 1848 690 1907 aemuia
701 1848 806 1926 lingua,
919 1920 923 1926 Ι

76 1940 83 1949 ’
171 1933 245 1992 Dum
257 1930 349 1992 studet
360 1932 480 1988 urbanus
492 1930 638 2008 tenditque
650 1931 770 1990 disertus
781 1932 888 1991 haberi.

171 2016 287 2092 Decipit
298 2012 442 2090 exemplar
452 2014 527 2071 'vitiis
539 2013 686 2074 imitabile:
701 2015 778 2093 quod
790 2018 814 2074 si
878 2023 882 2031 ’

171 2097 309 2158 Pallerem
321 2113 405 2172 casu,
418 2095 546 2155 biberent
559 2115 701 2174 exsangue
714 2101 860 2158 cuminum.

174 2181 197 2242 0
209 2183 380 2255 imitatores,
394 2197 505 2239 seruum
518 2197 606 2257 pecus
618 2225 627 2256 ,
638 2190 669 2240 ut
679 2182 745 2241 mihi
757 2198 845 2260 saepe

111 2269 152 2331 20
171 2264 277 2341 Bilcm,
293 2280 381 2341 saepe
392 2265 485 2322 iocum
498 2267 582 2323 vestri
596 2282 711 2324 movere
721 2264 869 2325 tumultus!

172 2349 271 2410 Libera
283 2367 335 2426 per
347 2365 463 2407 vacuum
474 2350 558 2424 pbsui
569 2350 689 2425 vestigia
701 2351 846 2427 princeps,

172 2433 237 2494 Non
248 2432 338 2492 aliena
349 2449 412 2490 meo
429 2432 520 2509 pressi
537 2431 619 2508 pede.
644 2431 699 2504 Qui
711 2433 766 2492 sibi
778 2432 848 2507 iidit,
962 2428 976 2447 “’

171 2516 237 2576 Dux
246 2517 321 2593 regit
332 2532 458 2575 examen.
479 2513 576 2574 Parios
588 2532 643 2593 ego
658 2518 763 2593 primus
774 2515 884 2575 iambos
977 2560 980 2565 .

148 2644 150 2648 -
173 2599 290 2660 Ostendi
300 2597 394 2681 latio,
407 2616 539 2658 numeros
550 2601 713 2678 animusque
725 2607 840 2659 secutus
855 2613 857 2616 ’

110 2686 150 2746 25
171 2682 350 2760 Archilochi,
363 2700 419 2741 non
429 2701 477 2742 res
489 2691 517 2743 et
528 2685 639 2760 agentia
650 2684 738 2743 verba
749 2681 916 2759 Lycamben.

171 2767 214 2827 Ac
226 2784 262 2825 ne
277 2785 322 2826 me
335 2766 412 2826 loliis
423 2766 489 2826 ideo
503 2767 680 2827 brevioribus
691 2784 786 2842 ornes,

173 2850 255 2924 Quod
266 2852 343 2910 timui
354 2858 461 2910 mutare
472 2851 572 2911 modos
586 2860 614 2910 01
626 2853 755 2911 carminis
766 2859 871 2911 artem:

172 2934 320 3012 Temperat
330 2933 492 2994 Archilochi
507 2954 613 2995 musam
624 2935 697 3013 pede
708 2934 832 2995 mascula
843 2931 967 3011 Sappho,

99 3049 101 3054 ·
171 3017 320 3096 Temperat
332 3018 471 3092 Alcaeus,
489 3019 539 3077 scd
551 3020 637 3078 rebus
649 3029 677 3079 et
691 3019 789 3079 ordine
800 3016 905 3096 dispar,

108 3107 149 3168 30
171 3101 234 3162 Nec
246 3119 376 3161 socerum
387 3102 512 3178 quaerit,
527 3119 611 3178 quem
621 3105 751 3163 versibus
762 3102 867 3163 oblinat
881 3101 956 3174 atris,

171 3184 232 3244 Nec
242 3202 364 3263 sponsae
375 3181 506 3258 laqueum
521 3183 629 3243 famoso
644 3189 765 3246 carmine
776 3188 873 3246 nectit.

169 3266 250 3327 llunc
263 3285 337 3345 ego,
351 3281 406 3324 uon
418 3264 474 3323 alio
486 3265 589 3325 dictum
601 3270 678 3345 prius
691 3286 756 3345 ore,
766 3269 881 3329 'Latinus

168 3349 289 3427 Vulgari
305 3349 423 3416 fidiceu3
437 3349 512 3409 iuvat
523 3351 711 3411 immemorata
722 3354 860 3413 ferentem

6 3444 220 3640 Λ
