2266 3878
453 486 724 543 oltldxxvll.
816 503 855 552 ,⁴

374 603 438 656 ab
474 603 802 664 GALATEAM.
858 626 859 634 ¹

256 705 363 786 lmpios
375 724 475 786 parrae
487 708 639 767 recinentis
654 725 736 768 omen

256 790 349 852 Ducat
361 799 390 850 et
400 808 558 870 praegnans
571 793 664 868 canis,
680 801 727 851 aut
740 792 775 853 ab
787 811 856 872 agra

256 873 334 936 Rara
346 874 499 935 decurrens
511 872 577 952 lupa
587 873 728 936 Lanuvino

306 957 434 1038 Fetaque
448 957 550 1034 vulpes
561 979 569 1026 ;

188 1106 196 1116 “
255 1108 378 1187 Rumpat
392 1118 421 1170 et
433 1130 552 1190 serpens
564 1115 618 1173 iter
633 1114 798 1189 institutum,

256 1192 286 1252 Si
299 1211 351 1270 per
365 1187 509 1273 obliquur'n
519 1197 618 1257 similis
634 1198 753 1273 sagittae

254 1273 364 1337 Terruit
382 1283 511 1340 mannos:
531 1298 587 1359 ego
600 1282 644 1340 eui
656 1281 772 1357 timebo,

305 1358 442 1437 Providus
453 1382 570 1442 auspex,
824 1368 827 1378 '

251 1512 410 1594 Antequam
425 1525 531 1577 stantes
546 1524 658 1594 repetat
672 1514 790 1593 paludes

252 1595 384 1659 Imbrium
396 1599 487 1661 divina
497 1603 557 1662 avis
571 1600 769 1677 imminent-um,

253 1681 386 1743 Oscinem
397 1701 513 1744 corvum
528 1703 614 1765 prece
631 1684 774 1743 suscitabo

304 1765 380 1828 Solis
392 1768 428 1828 ab
440 1778 512 1828 ortu.

250 1919 296 1977 Sis
306 1917 376 1979 lieet
389 1918 473 1995 felix,
489 1919 649 2001 ubieunque
660 1924 759 1998 mavis,

248 2000 286 2061 Ilt
297 2005 523 2079 memornostri,
543 2002 671 2081 Galatea,
683 2007 774 2081 vivas,

250 2083 348 2163 Teque
360 2103 414 2145 nee
423 2085 522 2145 laevus
534 2097 613 2147 vetet
625 2091 667 2148 ire
679 2091 760 2167 picus

297 2167 360 2228 Nee
374 2187 446 2247 vaga
458 2173 563 2232 cornix.

247 2317 304 2381 seu
314 2321 411 2398 vides,
429 2332 532 2402 quanto
544 2324 667 2402 trepidet
678 2323 794 2384 tumultu

246 2403 353 2465 l’r0nus
366 2405 462 2466 Orion.
505 2406 570 2485 Ego
585 2408 652 2487 quid
664 2410 700 2468 sit
710 2417 770 2468 ater

244 2489 364 2551 Hadriae
379 2492 445 2551 novi
458 2493 551 2568 sinus,
565 2501 593 2551 et
604 2492 672 2571 quid
681 2491 761 2552 albus

297 2572 511 2651 Peucetlbpyx.

244 2724 372 2786 Hostium
387 2743 491 2787 uxeres
503 2731 641 2808 puerique
657 2746 761 2790 caecos

244 2807 368 2870 Sentiant
379 2821 472 2870 motus
492 2816 607 2873 orientis
620 2813 716 2874 Austri
732 2822 760 2873 et

203 2898 214 2915 ⁸
242 2889 384 2971 Aequoris
394 2897 467 2971 nigri
480 2895 619 2957 fremitum
631 2907 660 2957 et
672 2904 826 2957 trementes

257 2983 261 2988 '
291 2975 418 3036 Verbere
431 2979 517 3055 ripas.

93 3128 132 3189 25
243 3126 292 3186 Sie
307 3135 336 3185 et
345 3125 462 3206 Europe
473 3132 586 3190 niveum
598 3085 699 3192 doloso

242 3208 368 3270 Credidit
380 3220 458 3272 tauro
474 3212 561 3292 latus,
575 3224 604 3275 et
618 3224 774 3276 scatentem
843 3202 848 3224 ¹

239 3292 345 3354 belluis
361 3305 475 3373 pontum
486 3298 650 3378 mediasque
665 3298 779 3360 fraudes

102 3329 108 3346 t
287 3376 389 3439 Palluit
402 3380 504 3442 audax:

1 3376 240 3658 3.
538 3551 545 3558 -
