2266 3878
21 261 71 348 ‘oa
82 292 127 346 31.
138 291 191 361 aa]
299 302 304 316 ·
421 288 563 350 innan.

158 438 222 499 Non
238 448 390 506 aestuosae
401 450 479 518 grata
491 439 637 500 Calabriae

158 521 301 600 Armenta,
317 541 373 583 nnn
382 542 478 583 aumm
489 533 536 584 aut
548 524 618 583 ebur
630 522 767 604 Indicum,

210 606 361 686 Pinarum,
380 607 534 688 quaeLir'ia
546 610 641 688 quieta
723 636 726 641 ·

264 689 375 750 Mandat
389 710 462 769 aqua
476 694 629 752 taciturnus
639 695 739 752 amnis.

160 815 288 877 Fremant
299 814 405 877 Calena
420 808 504 892 falce,
518 817 619 895 quibus
632 816 708 876 dedit

140 956 144 961 .
160 897 292 976 Fortuna,
304 901 400 975 vitem,
417 899 497 959 dives
513 909 542 960 et
555 903 658 960 aureis*

211 980 353 1042 llercatcr
363 984 491 1044 exsiccet
503 982 614 1044 culnllis

265 1067 336 1127 Vina
348 1069 419 1142 Syra
429 1077 558 1155 reparata
568 1086 675 1146 merce,

162 1192 214 1252 Die
226 1209 307 1252 carus
319 1194 401 1270 ipsis,
419 1195 527 1271 quippe
540 1203 584 1253 ter
598 1203 627 1253 et
638 1202 738 1272 qnater

42 1320 49 1335 a
162 1275 242 1335 Anno
252 1277 382 1335 revisens
397 1294 506 1355 aequor
520 1276 688 1337 Atlanticum

212 1357 340 1438 Impune.
363 1359 410 1420 lle
423 1371 541 1438 pascunt
552 1361 657 1438 olivae,

267 1440 315 1502 lle
331 1443 464 1503 cichorea
474 1443 613 1522 levesque
629 1445 748 1507 malvae.

163 1565 229 1627 Frui
240 1569 344 1644 paratis
360 1575 388 1626 et
401 1567 495 1627 valido
505 1568 582 1644 mihi,

162 1650 261 1726 latae,
276 1649 366 1711 donea
380 1661 418 1727 et,
432 1668 545 1728 precor,
558 1654 667 1729 integra
744 1657 748 1663 ’

216 1731 286 1794 Cum
297 1743 391 1794 mente
416 1752 470 1796 nec
486 1743 598 1812 turpem
608 1747 752 1797 senectam

268 1819 384 1897 Degere
394 1836 448 1878 nec
460 1820 564 1879 cithara
582 1831 732 1881 carentem.

420 2015 569 2026 ——-—--

368 2142 634 2209 nnunxxxn.
719 2155 727 2170 1

317 2251 388 2302 an
424 2250 446 2302 n
476 2222 822 2327 unamassfflae

168 2363 360 2425 Pnacimnr...
376 2360 407 2420 Si
419 2360 485 2440 quid
495 2361 578 2420 vacui
594 2359 647 2419 snb
661 2360 757 2421 umbra

120 2436 123 2448 ’
168 2448 298 2508 lusimus
311 2454 416 2520 tecum,
432 2443 508 2522 qnod
520 2452 549 2502 et
559 2445 634 2504 hunc
647 2445 787 2506 inanitum

167 2532 250 2592 Vivat
262 2540 290 2590 et
303 2528 409 2608 plures,
425 2545 491 2605 age,
509 2525 555 2587 (lic
572 2526 707 2604 Latinum,

219 2615 345 2690 Barbite,
359 2630 481 2686 carmen,
603 2613 605 2619 '
667 2605 671 2619 ’

168 2737 272 2800 Lesbio
291 2740 410 2816 primum
421 2733 564 2796 modulate
578 2736 645 2811 ciri,

169 2821 224 2897 Qui
232 2822 316 2882 iercx
326 2821 413 2897 bello,
429 2829 522 2880 tamen
533 2822 606 2879 inter
617 2837 702 2897 arma,

170 2907 237 2967 Sive
251 2908 379 2967 iactatam
394 2903 528 2983 religarat
538 2903 595 2963 ndo

179 3030 184 3039 ,
219 2989 426 3065 Litnrcnarim

134 3141 136 3149 ·
169 3115 299 3176 Lihemm
310 3124 338 3175 et
348 3113 444 3175 lineas
458 3113 657 3192 Veneremque
672 3123 701 3175 et
711 3113 752 3175 illi
823 3127 825 3131 ’

170 3199 289 3279 Semper
299 3200 461 3260 haerentem
473 3216 591 3276 puemm
602 3199 730 3273 canebat,

169 3282 206 3346 [lt
214 3282 320 3361 Lycum
333 3285 422 3361 nigris
435 3280 526 3341 oculis
539 3283 679 3361 nigraque

222 3364 306 3428 Crine
322 3367 467 3428 decorum.
