2304 3876
100 121 163 186 154
418 188 425 195 ,
476 114 693 178 snrrnnnuu
937 116 1045 198 [sua]

184 272 354 333 Gmecorum
364 270 451 349 longe
464 268 660 338 doctissimum
677 267 741 327 inde
751 267 856 327 Forum
866 266 955 347 Appi,

182 356 328 416 Differtum
339 356 443 430 nautis,
462 353 636 430 cauponibus
646 361 731 429 etque
741 349 881 427 malignis.

142 445 160 504 5
182 439 244 500 Hoc
255 440 309 499 iter
318 438 411 516 ignavi
423 436 585 512 divisimus,
601 435 683 495 altius
695 452 729 495 ae
739 452 792 494 nos

180 522 351 583 Praecinctis
363 540 459 580 unum:
471 523 561 579 minus
572 528 616 578 est
627 521 720 596 gravis
732 518 826 596 Appia
835 518 934 580 tardis.

181 606 234 666 llic
243 623 298 684 ego
309 614 426 683 propter
436 621 546 681 aquam,
560 602 636 682 quod
649 612 707 661 erat
718 601 877 679 deterrima,
885 605 977 664 ventri

181 689 278 750 lndioo
293 688 418 764 bellum,
436 696 588 746 coenantes
600 685 673 745 haud
685 687 777 746 animo
788 703 881 765 aequo

180 772 356 851 Exspectare
369 773 497 831 comites.
541 768 599 829 lam
613 788 670 829 nox
680 769 813 829 inducere
823 772 909 830 terris

120 862 161 922 10
181 857 298 937 Umbras
311 865 340 915 et
350 854 433 914 coelo
448 853 603 913 diffundere
616 855 696 930 signa
710 853 838 930 parabat;

181 938 250 1001 Tum
263 940 343 1018 pueri
352 939 459 1013 nautis,
473 939 567 1015 pueris
579 938 706 997 convicia
715 944 815 995 nautae

181 1022 329 1102 lugerem:
341 1021 426 1098 „lluc
437 1020 622 1098 appellei“...
633 1019 813 1097 „Trecentos
824 1019 996 1082 inserisi‘fi..

770 1102 857 1178 „Olre

181 1187 263 1264 „lam
279 1190 347 1248 satis
359 1187 439 1248 est!“
460 1186 532 1246 Dum
551 1206 601 1247 aes
620 1187 758 1263 exigitur,
776 1185 840 1246 dum
856 1188 930 1248 mula
942 1187 962 1248 li

802 1279 856 1346 tur,
884 1280 890 1293 '

181 1353 252 1414 Tota
269 1354 326 1415 abit
338 1355 417 1414 lrora.
459 1352 525 1413 illali
541 1354 647 1414 culices
658 1287 802 1431 mnaeqffg
813 1354 954 1431 palustres

121 1443 158 1503 15
181 1437 316 1497 Avertunt
327 1454 458 1514 somnos,
474 1437 618 1498 absentem
628 1447 658 1497 ut
669 1445 760 1496 cantat
770 1439 886 1497 amicam

181 1520 267 1581 Multa
281 1521 799 1599 prolutusvappanautaatqueriator
842 1564 844 1571 .

182 1602 324 1666 Certatim.
346 1604 468 1664 Tandem
478 1605 573 1664 fessus
585 1604 705 1664 dormire
714 1604 805 1664 viator

84 1751 87 1757 Α
181 1687 298 1765 lncipit,
312 1706 346 1748 ae
356 1690 459 1748 missae
470 1697 580 1765 pastum
589 1686 743 1747 retinacula
753 1687 845 1747 mulae

181 1771 271 1831 Nauta
285 1773 368 1848 piger
378 1789 447 1831 saxo
458 1771 559 1848 religat
572 1772 719 1848 stertitque
730 1773 856 1850 supinus.

120 1860 160 1920 20
181 1852 296 1931 lamque
311 1855 370 1912 dies
382 1854 492 1932 adorat,
504 1853 544 1914 nil
555 1872 618 1913 cum
629 1853 786 1932 procedere
796 1854 906 1914 lintrem

181 1936 338 2014 Sentimus,
353 1937 444 1997 donec
454 1938 621 1998 cerebrosus
632 1937 742 2016 prosilit
753 1956 823 1997 unus

181 2019 225 2079 Ac
234 2020 325 2080 mulae
336 2029 493 2100 nautaeque
507 2031 590 2099 caput
602 2022 769 2101 lumbosque
780 2020 889 2098 saligno

181 2103 267 2164 tusce
279 2104 368 2164 dolat:
385 2115 481 2183 quarta
494 2107 542 2164 vix
554 2105 663 2164 demum
675 2106 841 2182 exponimur
852 2104 932 2164 hora.

182 2187 238 2247 Ora
248 2207 402 2268 manusque
413 2197 460 2249 tua
471 2189 603 2264 lavimus,
620 2188 754 2266 Feronia,
768 2187 895 2265 lymphm

120 2276 158 2338 25
180 2270 267 2330 tttttta
276 2280 334 2331 tum
348 2274 441 2350 pransi
452 2275 504 2333 tria
513 2275 636 2350 repimus
647 2282 731 2351 atque
740 2271 866 2331 subimus

180 2353 344 2432 Impositum
362 2358 438 2416 saxis
453 2356 508 2415 late
520 2356 702 2416 candentibus
713 2355 817 2414 Anxur.

180 2438 242 2496 lluc
254 2448 387 2501 venturus
402 2449 462 2500 erat
472 2439 621 2500 llaeoenas
633 2441 754 2516 optimus
771 2447 855 2516 atque

182 2519 340 2599 Cocceius,
352 2525 431 2582 missi
441 2525 549 2601 magnis
560 2523 595 2582 de
606 2523 690 2582 rebus
701 2531 820 2599 uterque

180 2604 293 2681 Legati,
307 2622 423 2666 aversos
438 2606 514 2665 soliti
529 2621 700 2686 componere
711 2607 826 2665 amicos.
841 2620 846 2627 ’

118 2693 160 2754 30
181 2687 234 2745 llio
250 2687 340 2748 oculis
353 2707 408 2767 ego
420 2693 499 2766 nigra
510 2693 581 2748 meis
597 2688 714 2763 collyria
724 2688 819 2766 lippus

180 2768 294 2831 lllinere
361 2774 467 2831 interea
480 2770 629 2832 Maecenas
641 2771 751 2831 advenit
763 2781 847 2851 atqua

183 2850 338 2929 Cocceius,
359 2853 516 2932 Capitoque
533 2854 614 2913 simul
624 2853 773 2930 Fonteius,
791 2853 826 2914 etl
839 2873 964 2933 unguem

180 2934 283 2996 Factus
294 2937 394 3012 homo,
410 2935 530 3014 Antoni,
550 2955 606 2997 non
617 2947 647 2996 ut
658 2941 746 3015 magis
759 2937 975 3014 altem-amicus.

180 3018 295 3080 Fundos
306 3018 416 3079 Aufidio
427 3018 518 3079 lusco
534 3029 666 3097 praetore
675 3020 794 3080 libenter

120 3105 158 3165 35
181 3102 358 3183 Linquimus,
370 3105 458 3162 insani
469 3103 593 3163 ridentes
604 3106 726 3180 praemia
737 3104 858 3178 scribae,

181 3185 355 3248 Praeteritum
367 3196 394 3245 et
405 3186 489 3246 latum
501 3187 610 3248 clavum
620 3191 783 3265 prunaeque
796 3185 932 3246 batillum.
