2266 3878
59 286 226 364 oerum.)
311 260 318 273 '
431 279 548 349 trouu,
557 278 608 340 111.
969 278 1010 341 73

193 432 265 514 „tte
277 441 357 512 poter
366 434 461 494 oneris
475 441 574 493 oneret
588 434 706 508 eatenis,
968 432 1008 495 45

133 552 136 561 ·
193 516 303 598 „Quod
314 518 375 578 viro
391 517 517 577 clemens
531 518 634 575 misero
648 517 780 592 peperoi;

193 600 264 680 „lte
274 600 322 661 vel
333 609 475 660 extremos
487 598 666 659 Numidarum
678 600 706 658 in
721 616 805 677 agros

244 682 369 762 „ctam
380 683 501 761 releget.

196 816 244 914 „L
260 834 349 914 perles
361 850 418 913 qno
432 842 460 894 te
470 834 581 911 rapiunt
592 841 623 892 et
637 849 732 908 aurae,

196 918 292 998 „Dum
304 919 381 979 fovet
391 934 448 977 nox
460 925 488 976 et
504 916 620 985 Venus3
640 914 791 976 ieeoundo
966 921 1007 982 50

195 1001 329 1081 ‚,0mine‚
347 1009 376 1062 et
390 1002 478 1061 nostri
490 1016 644 1059 memorem
659 999 793 1078 sepulcro

245 1083 374 1164 „Soulpe
388 1083 564 1163 querelam.“

420 1434 620 1491 omoxu.
750 1488 756 1501 ,

334 1568 393 1621 ΔΙ)
432 1568 721 1625 NEOBULEN.

134 1736 296 1801 llioemrum
314 1747 358 1799 eet
378 1757 472 1817 neque
487 1740 575 1798 emori
590 1737 657 1799 dure
671 1736 766 1798 ludum
780 1756 873 1818 neque
887 1739 962 1800 dulei

135 1818 205 1884 lton
214 1824 282 1883 rino
292 1821 400 1899 lovere,
416 1831 463 1882 ont
478 1824 630 1883 exanimari
643 1829 801 1882 metuentes

196 1904 317 1967 Potruoo
325 1905 447 1987 verbero
461 1904 585 1984 linguae.

59 2096 69 2109 x
134 2054 192 2118 'libi
204 2055 316 2136 qualum
328 2055 486 2134 Cythereae
498 2074 569 2135 poor
579 2056 649 2134 eleo,
662 2056 712 2117 tibi
729 2055 802 2116 telos

135 2139 338 2221 Operosuoque
352 2139 495 2201 Minervae
508 2140 628 2201 studium
643 2140 745 2216 aufert,
758 2138 898 2217 Neobule,
985 2144 1003 2203 5

196 2222 308 2301 liparei
323 2226 397 2284 nitor
407 2223 504 2302 Hebri,
735 2258 747 2296 0

136 2373 220 2435 Simul
230 2382 332 2435 nuotoo
344 2372 482 2435 Tiberinis
494 2375 626 2435 humeros
641 2373 709 2433 lavit
720 2374 748 2433 in
760 2373 852 2450 undis,

135 2454 229 2538 Eques
239 2459 304 2536 ipso
315 2457 416 2518 melior
426 2456 658 2537 Bellerophonte,
671 2475 764 2535 neque
776 2472 872 2537 pugno

132 2586 156 2626 ,Α
197 2539 302 2621 Neque
312 2543 394 2620 tegni
410 2541 485 2620 pede
495 2545 597 2618 vietus,

137 2687 216 2752 Coton
226 2690 302 2752 idem
312 2706 365 2770 per
374 2701 501 2770 opertum
512 2693 654 2770 fugientes
668 2692 771 2770 agitato
964 2692 1003 2753 10

138 2769 226 2853 (luogo
237 2788 340 2845 oorvos
352 2775 477 2854 ioculari,
494 2785 522 2836 et
533 2775 611 2835 celer
622 2774 678 2835 olto
690 2775 843 2835 latitantem

194 2855 339 2919 Frutioeto
351 2861 490 2939 excipere
502 2877 608 2938 aprum.
