2266 3878
64 283 102 332 n.
118 277 160 332 n.
174 272 225 348 n]
406 269 549 333 amans

298 423 668 480 ltrlsmomxm.

207 530 263 582 ΑΙ)
294 530 484 582 VINIUM
512 530 755 587 nantolio.

64 652 274 713 rolioisoontem
287 650 370 711 dooui
381 659 410 710 te
423 666 510 729 saepe
522 649 637 730 diuque,

64 745 128 796 usto
139 734 242 796 reddes
256 736 365 812 signata
376 732 531 811 volumina,
550 734 624 811 Vini,

64 819 167 896 olidus,
183 821 208 878 si
219 817 308 879 laetus
320 818 389 895 erit,
406 820 430 877 si
442 817 563 897 denique
575 825 686 897 poscet.

64 902 147 963 tudio
157 904 246 962 nostri
256 901 524 981 possessionumque
535 900 639 962 libellis

64 986 120 1046 llus
131 989 267 1065 importes
279 1003 367 1064 opera
377 986 544 1046 vehemente
555 987 689 1046 minister.

64 1091 71 1128 s
86 1071 161 1130 forte
173 1088 253 1130 meae
264 1071 359 1149 gravis
374 1079 437 1129 uret
447 1071 556 1131 sarcina
568 1071 691 1148 chartae,

64 1157 121 1214 oito
133 1157 337 1233 potiusquam,
358 1171 415 1232 quo
428 1153 556 1232 perferre
570 1155 687 1232 iuberis,

64 1237 127 1298 ellas
139 1238 216 1298 leros
227 1239 381 1316 impingas,
398 1235 561 1317 AsInaoque
573 1249 718 1316 paternum

64 1338 164 1382 nomen
174 1330 268 1381 vertas
281 1324 309 1380 in
319 1323 406 1380 risum
418 1330 446 1379 et
457 1320 552 1381 fabula
566 1322 627 1382 lias.

65 1424 108 1466 tus
120 1407 207 1465 uteris
218 1422 270 1484 per
280 1404 385 1481 clivos,
402 1403 528 1482 flumina,
543 1404 645 1474 lamas;

65 1507 96 1549 or
106 1493 246 1568 propositi
258 1488 339 1549 simol
351 1506 384 1548 ae
396 1490 560 1566 perveneris
568 1488 649 1567 illue,

65 1575 183 1651 positum
194 1573 321 1633 servabis
333 1590 421 1649 onus,
439 1572 476 1632 ne
487 1572 560 1632 torte
572 1573 624 1633 sub
638 1572 682 1633 ala

65 1657 174 1716 viculum
187 1666 284 1735 portes
294 1656 428 1716 librorum
442 1665 472 1715 ut
481 1659 603 1716 rusticus
615 1675 726 1736 agnum,

65 1742 143 1801 inosa
157 1739 269 1819 glomus
281 1740 400 1800 lurtivae
413 1739 528 1819 Pyrrhia
538 1740 629 1816 lanae,
643 1806 644 1810 ,

65 1843 109 1884 um
121 1823 228 1903 pileolo
244 1823 338 1884 soleas
350 1826 469 1884 oonviva
479 1823 599 1885 tribulis.

65 1908 138 1986 nlgo
151 1926 265 1984 narres,
282 1916 311 1968 te
322 1907 469 1969 sudavisse
480 1908 598 1969 ferendo

65 1995 144 2070 nina,
161 2010 235 2070 quae
245 1993 356 2071 possint
367 1991 467 2053 oeulos
479 2010 620 2072 auresque
631 1995 732 2053 morari
805 2023 807 2029 ·

65 2078 145 2144 taris3
164 2084 260 2136 oratos
269 2075 354 2154 multa
366 2093 466 2154 praee,
491 2080 581 2138 nitere
595 2095 691 2157 porro.

65 2179 89 2238 a,
110 2158 193 2237 vale,
210 2177 279 2220 eave
290 2178 327 2219 ne
337 2160 441 2221 titubes
452 2161 635 2241 mandataque
647 2162 769 2240 frangas.

398 2335 548 2344 ---..

293 2453 543 2525 mrlsmoma
560 2468 656 2524 xvv.
830 2548 833 2553 Ι

176 2575 241 2628 no
277 2575 770 2630 vrnn1comsovm.

65 2715 97 2758 oe
108 2697 240 2758 silvarum
251 2709 280 2759 et
292 2700 358 2759 mihi
372 2718 418 2759 me
429 2698 571 2759 reddentis
582 2699 678 2777 agelli,

66 2800 88 2841 m
99 2789 130 2841 tu
142 2782 266 2861 fastidis,
283 2782 435 2843 habitatum
446 2784 570 2861 quinqua
580 2782 655 2843 loois
665 2791 708 2859 et¹

66 2883 128 2944 ique
139 2866 231 2926 bonos
243 2866 355 2926 solitum
365 2865 476 2925 Variam
491 2865 629 2926 dimittere
641 2876 746 2946 patres,

66 2968 162 3027 emus,
180 2952 275 3028 spinas
289 2952 417 3010 animone
429 2964 485 3027 ego
496 2948 596 3010 lortius
609 2969 642 3011 an
653 2960 683 3011 to

66 3032 109 3093 las
121 3048 209 3111 agro,
223 3043 251 3094 et
262 3033 363 3094 melior
373 3035 410 3093 sit
422 3032 556 3094 lloratius
564 3053 600 3095 an
613 3054 671 3095 res.

66 3119 178 3195 pvamvis
189 3115 300 3178 lamiae
311 3120 400 3195 pietas
412 3127 441 3178 et
452 3135 517 3178 eura
528 3128 659 3196 moratur,

66 3218 119 3259 rem
130 3206 293 3279 maerentis,
309 3211 391 3281 rapto
402 3201 438 3262 de
453 3203 538 3263 fratre
550 3203 669 3263 dolentis

66 3283 197 3354 labiliter:
209 3294 302 3346 tamon
312 3288 384 3346 istun
395 3305 474 3346 mens
489 3288 652 3364 animusque
698 3342 702 3354 J

72 3376 100 3427 et
111 3377 184 3428 amat
194 3373 291 3448 spatiis
303 3371 438 3430 obstantia
448 3386 578 3446 rumpere
593 3369 721 3428 claustra.
