2266 3878
101 298 253 376 [upana]
506 292 673 357 pronun.
999 296 1061 389 aaa

421 464 739 522 lorlsmomn.

279 572 343 623 AD
378 570 593 625 IULIUM
627 573 876 628 FLORUM.

97 691 200 768 Flore,
224 691 299 751 bono
312 689 446 770 claroque
457 690 547 750 fidelis
558 693 647 751 amice
659 691 775 770 Neroni,

99 777 128 836 si
142 777 205 855 quis
216 774 291 835 iorte
301 774 371 834 velit
385 793 502 852 puerum
513 776 563 834 tihi
574 775 699 835 vendere
709 785 802 837 natmu

98 859 202 920 Tibure
213 858 259 918 vel
271 856 384 933 Gabiis,
403 867 432 917 et
443 867 536 917 tenum
548 860 591 917 sio
601 869 665 937 agat
678 882 730 919 -ε
749 859 839 939 ,,Ηῑο,
856 871 885 922 et
897 876 904 897 ¹
926 907 930 911 -

97 941 264 1021 „Candidus
276 950 304 1001 et
316 941 388 1002 talos
400 960 416 1003 a
426 944 533 1001 vertice
545 942 663 1020 pulcher
675 943 710 1003 ad
720 946 803 1023 imos,

96 1024 184 1104 „Fiet
195 1028 304 1104 eritque
314 1034 378 1085 tuus
390 1043 562 1086 nummorum
572 1025 695 1086 millibus
707 1036 783 1106 octo,

97 1109 214 1187 „Vema
224 1111 384 1169 ministeriis
396 1108 432 1168 ud
443 1118 524 1168 nutus
536 1118 617 1188 aptus
628 1111 744 1187 heriles,

96 1192 251 1271 „literulis
264 1191 379 1253 Graecis
390 1192 526 1268 imbutus,
543 1192 662 1252 idoneus
672 1197 723 1254 arti

96 1276 260 1356 ,‚(luililset:
280 1276 377 1354 argilla
392 1275 502 1353 quidvis
514 1277 666 1336 imitaberis
678 1278 741 1338 uda.

95 1360 195 1438 ‚3an
207 1363 289 1420 etiam
300 1369 380 1419 canet
391 1358 533 1418 indoctum
544 1358 594 1418 sed
606 1360 689 1418 dulce
699 1360 814 1421 bibenti.
927 1422 930 1429 ,

95 1443 205 1522 „Multa
218 1443 300 1503 iidem
316 1445 454 1521 promissa
466 1442 575 1519 levant,
590 1444 638 1502 ubi
651 1443 761 1520 plenius
772 1460 863 1522 ueqm
1016 1449 1056 1510 10

94 1526 222 1607 „Laudat
232 1526 425 1605 venales‚qui
436 1526 497 1586 vult
508 1526 673 1602 extrudere,
689 1545 810 1586 meroes.
950 1584 957 1593 ,

94 1612 177 1688 „lles
189 1620 271 1689 urget
281 1630 326 1670 me
338 1610 427 1670 nulla:
444 1627 509 1669 meo
525 1627 586 1679 sum
596 1627 703 1688 pauper
713 1613 741 1670 in
756 1629 831 1671 aere.
925 1620 928 1626 “

93 1694 208 1773 „Nemo
220 1696 275 1754 hoo
285 1711 452 1772 mangonum
463 1694 571 1754 luceret
582 1695 647 1763 tihi;
661 1710 716 1753 nou
727 1704 833 1755 tenuere
845 1713 861 1756 a
872 1714 917 1755 me

92 1778 217 1856 „Quivis
228 1778 315 1837 ferret
325 1777 408 1837 idem.
432 1778 527 1837 Semel
537 1779 584 1837 hio
596 1780 718 1838 cessavit
732 1786 775 1854 et,
792 1779 872 1855 ulit,

92 1861 148 1939 „lu
159 1861 245 1922 soalis
256 1861 335 1921 latuit
345 1870 471 1921 metuens
482 1861 630 1940 pendentis
641 1862 802 1922 habenae.“
816 1897 869 1940 -,
1012 1864 1050 1927 15

90 1945 306 2021 Desnummos‚
329 1953 448 2024 excepta
458 1945 526 2005 nihil
539 1954 568 2004 te
580 1947 604 2005 si
615 1945 682 2023 iuga
696 1945 802 2007 laedat:

90 2028 143 2089 llle
157 2029 229 2089 ierat
241 2031 360 2107 pretium
372 2043 482 2107 poenae
494 2047 613 2089 securus
625 2032 734 2107 opinor.

90 2112 216 2173 Prudens
226 2113 318 2172 emisti
329 2115 478 2188 vitiosum,
499 2113 573 2172 diota
585 2114 635 2172 tibi
649 2121 693 2172 est
703 2111 767 2172 lex:

90 2194 254 2276 Insequeris
266 2206 358 2255 tamen
368 2197 442 2256 huno
457 2205 485 2254 et
496 2196 546 2255 lite
557 2199 674 2257 moraris
685 2193 800 2274 iniqua?

89 2279 154 2340 Diri
169 2298 215 2339 me
226 2281 337 2358 pigrum
348 2279 539 2357 proficiscenti
549 2280 616 2355 tihi,
631 2279 687 2338 dixi
1009 2283 1049 2344 20

89 2362 203 2424 Talibus
216 2363 318 2422 oifloiis
330 2378 421 2441 prope
435 2381 576 2438 manuum,
592 2380 629 2422 ue
643 2381 705 2421 mea
718 2379 819 2422 saevus

88 2445 221 2525 lurgares
232 2446 267 2507 ad
278 2456 307 2505 te
319 2446 394 2526 quod
406 2447 527 2526 epistola
539 2446 614 2506 nulla
625 2445 739 2505 rediret.
853 2446 856 2451 ‘

89 2530 165 2605 Quid
175 2540 233 2590 tum
244 2531 372 2607 proieci,
388 2548 498 2590 meeum
509 2531 640 2590 facientia
650 2532 710 2589 iura
816 2583 825 2591 ,

88 2614 118 2673 Si
128 2624 223 2674 tamen
234 2611 374 2674 attentas?
398 2613 531 2687 Quereris
543 2631 630 2690 super
640 2613 695 2672 hou
707 2615 804 2690 edum,
824 2611 899 2692 quod

843 2176 864 2217 ὁ

87 2697 320 2777 Exspectatatibi
332 2715 387 2757 non
402 2700 506 2758 mittam
522 2695 779 2757 earminamendax.
1008 2698 1047 2763 25
1114 2724 1117 2729 ·

86 2780 196 2842 luculli
210 2781 292 2841 miles
307 2780 428 2840 oolleuta
437 2783 538 2840 viatica
548 2780 641 2840 multis

87 2865 252 2942 hommum,
268 2865 360 2925 lassus
372 2864 436 2924 dum
448 2873 533 2923 nootu
544 2865 652 2939 stertit,
669 2864 808 2925 adessem

87 2947 263 3009 Perdiderat:
279 2958 346 3026 post
357 2949 413 3007 hoo
423 2949 577 3007 vehemens
589 2947 672 3026 lupus
686 2958 714 3008 et
725 2948 778 3009 sibi
790 2957 819 3009 et
828 2949 903 3010 hosti

87 3031 176 3093 Iratus
188 3034 308 3111 puriter,
324 3033 425 3091 ieiunis
437 3031 567 3092 dentibus
577 3048 655 3108 acer,

86 3114 258 3177 Praesidium
269 3116 367 3194 regale
379 3115 445 3176 loco
457 3115 577 3192 deiecit,
593 3124 623 3175 ut
633 3117 718 3191 aiunt,
815 3158 816 3162 ,

88 3200 200 3260 Summe
214 3203 319 3260 munito
332 3210 360 3260 et
370 3199 515 3260 multarum
526 3199 612 3260 divite
626 3219 727 3259 rerum.

88 3283 186 3344 Clarus
199 3282 236 3344 ob
249 3281 278 3341 id
292 3283 412 3361 laetum,
427 3284 507 3345 donis
519 3283 780 3354 erumminensis,

86 3367 199 3446 hooipit
210 3374 239 3426 et
249 3365 293 3425 bis
306 3366 377 3428 dena
387 3385 474 3446 super
484 3368 613 3427 sestertia
622 3383 771 3425 nummum.
786 3442 844 3498 w
949 3414 957 3423 .

981 3731 998 3762 Q

1049 3412 1112 3660 r
