2266 3878
143 266 204 329 eoa
502 260 760 371 urrsromupu
894 245 896 247 ’
949 267 1096 348 [spirea]

228 417 311 492 Quod
322 420 358 478 sit
370 416 538 493 conscripti,
554 413 630 493 quod
640 415 741 476 iudicis
753 417 891 492 oiiioium,
909 436 981 496 quae
1085 409 1089 424 ’

143 505 203 581 315
226 500 322 563 Partes
334 504 362 561 in
372 499 475 560 bellum
485 501 563 559 missi
576 499 670 578 ducis:
686 500 735 559 ilie
746 501 877 578 proiecto

227 586 357 647 Reddere
369 602 507 664 personae
519 585 573 642 soit
584 586 778 644 convenientia
790 587 902 663 cuique.

227 672 383 748 Respicere
396 668 540 747 exemplar
547 669 622 726 ritae
637 684 799 746 morumque
810 669 914 728 iubebo

225 757 346 817 Doctum
357 756 539 828 imitatorem,
556 761 584 811 et
594 753 673 811 rivas
685 753 749 812 hinc
761 752 866 812 ducere
877 770 979 813 voees.

225 839 509 918 Interdumspeciosa
519 837 591 896 locis
603 845 765 915 morataque
775 844 854 895 recte
938 880 939 886 κ

144 928 206 991 320
226 925 345 1003 Fabula,
361 923 463 984 nuliius
474 922 602 997 veneris,
620 922 681 980 sine
693 919 818 998 pondere
831 930 859 981 et
869 931 940 1000 arte,

223 1009 338 1070 Valdius
350 1008 473 1068 oblectat
488 1004 621 1084 populum
632 1004 789 1084 meliusque
800 1016 932 1083 moratur,

121 1130 123 1139 ‚
226 1094 315 1169 Quam
325 1100 425 1152 versus
436 1094 536 1168 inopes
548 1108 640 1148 rerum
650 1108 800 1168 nugaeque
812 1104 943 1151 canorae.

227 1176 317 1238 Graiis
331 1178 489 1254 ingenium,
507 1171 597 1233 Graiis
612 1173 688 1233 dedit
701 1191 751 1232 ore
762 1173 881 1234 rotundo

225 1261 305 1321 Musa
316 1261 410 1339 loqui,
431 1267 542 1337 praeter
553 1258 663 1318 laudem
673 1258 776 1318 nullius
788 1260 888 1319 avaria.

116 1397 119 1410 .
143 1349 203 1412 325
226 1346 342 1405 Romani
354 1346 433 1422 pueri
444 1343 537 1422 longis
546 1343 699 1403 rationibus
709 1361 803 1402 assem

224 1430 342 1506 Discunt
353 1431 381 1488 in
393 1436 486 1506 partes
500 1435 610 1486 centum
622 1426 764 1487 diducere.
787 1432 807 1497 9
820 1425 927 1504 „Dicat

225 1513 335 1592 „Filius
347 1513 454 1572 Albini:
471 1512 500 1570 Si
513 1511 548 1571 de
564 1513 721 1590 quincunce
734 1521 842 1572 remota
854 1521 897 1572 est

225 1598 346 1676 „Unoia,
357 1592 589 1676 quidsuperati“
597 1600 617 1665 9
622 1593 737 1656 Poteras
745 1595 867 1657 dixisse:
878 1601 983 1661 triens.
994 1605 1014 1671 9
1021 1599 1095 1676 „Rui

224 1682 319 1759 „Rem
335 1684 441 1760 poteris
453 1698 567 1739 serrare
578 1688 662 1738 tuam.
685 1677 769 1739 Redit
781 1683 879 1759 uncia,
894 1684 961 1762 quid
973 1683 1048 1744 titt“

117 1831 120 1846 Ι
141 1771 204 1832 330
225 1772 245 1837 i
254 1766 361 1827 Semta.
384 1771 404 1836 9
414 1765 450 1823 m
461 1765 532 1824 haec
544 1765 651 1823 animos
662 1781 767 1842 aerugo
780 1774 808 1824 et
820 1783 886 1826 cura
898 1768 993 1845 peculi

226 1849 295 1910 Cum
306 1849 393 1910 semel
404 1849 551 1924 imbuerit,
570 1865 714 1925 speramus
726 1852 845 1910 carmina
859 1850 927 1929 fingi

225 1933 313 1994 Posse
325 1933 435 1993 linenda
448 1932 532 1991 cedro
547 1940 575 1990 et
587 1932 643 1991 leri
655 1932 793 1992 servanda
805 1934 963 2013 cupresso?

166 2087 168 2090 Α
265 2017 321 2076 Aut
332 2016 470 2094 prodesse
480 2014 593 2090 volunt,
610 2023 657 2075 aut
668 2014 811 2077 delectare
822 2025 938 2097 potitae,

224 2101 279 2160 Aut
293 2099 414 2159 simulet
428 2097 548 2158 iucunda
562 2107 590 2158 et
601 2098 701 2158 idonea
713 2099 808 2161 dicere
819 2103 903 2163 vitae.

140 2187 201 2250 385
225 2184 367 2263 Quidquid
379 2185 555 2261 praecipies,
572 2191 634 2242 esto
649 2184 759 2261 brevis,
778 2194 808 2245 ut
820 2187 876 2245 cito
888 2187 963 2249 diota
1032 2186 1036 2195 '

222 2269 380 2347 Percipient
390 2269 473 2328 animi
489 2267 598 2327 dociles
611 2277 779 2346 teneantque
790 2269 904 2332 fideles:

223 2353 311 2414 Omne
323 2369 528 2430 supervacuum
539 2351 624 2431 pieno
636 2351 671 2411 de
684 2362 801 2430 pectore
813 2365 914 2418 manat.

221 2437 300 2498 Ficta
310 2437 463 2515 voluptatis
479 2454 563 2496 causa
575 2438 628 2496 siut
639 2437 765 2515 proxima
778 2440 866 2515 reris,
886 2464 895 2479 ν

221 2522 282 2582 Nee
302 2521 490 2600 quodcunque
502 2521 597 2598 volet,
614 2530 714 2598 poscat
725 2522 778 2581 sibi
790 2522 884 2584 trouu
899 2526 987 2604 credi,

140 2609 202 2674 340
223 2606 286 2666 Neu
299 2624 419 2684 pransae
430 2606 540 2681 Lamiae
551 2607 645 2665 rivum
657 2621 773 2682 puerum
786 2609 912 2669 extrahat
923 2611 997 2671 alvo.

159 2702 164 2710 '
221 2689 370 2753 centuriae
382 2693 522 2750 seniorum
533 2691 638 2768 agitant
649 2693 775 2767 expertia
786 2690 887 2770 frugis,
927 2726 930 2730 ·

221 2775 297 2837 Celsi
309 2784 486 2852 praetereunt
499 2783 610 2835 austera
621 2781 751 2853 poemata
762 2775 917 2839 Rhamnes:

222 2861 310 2922 Omne
322 2859 383 2920 tulit
394 2870 540 2940 punctum,
558 2861 606 2939 qui
617 2860 728 2919 miscuit
740 2860 808 2920 utile
820 2860 905 2941 dulci,

220 2946 367 3005 Rectorem
378 2944 543 3005 delectando
556 2946 716 3023 pariterque
727 2946 876 3007 monendo.

138 3034 198 3097 345
221 3030 273 3091 Hic
283 3039 373 3089 meret
384 3047 449 3090 acra
459 3029 531 3089 liber
544 3029 652 3106 Sosiis,
672 3029 718 3088 hio
730 3039 758 3089 et
768 3049 844 3091 mare
857 3037 956 3095 transit

186 3128 189 3137 ·
220 3115 256 3175 Et
266 3115 380 3192 longum
391 3122 459 3173 noto
471 3115 600 3191 scriptori
612 3124 747 3191 prorogat
757 3133 865 3177 aerum.
916 3166 921 3172 .

222 3201 290 3260 Sunt
300 3199 402 3259 delicta
412 3207 520 3274 tamen,
536 3197 638 3275 quibus
649 3199 794 3275 ignovisse
807 3201 940 3263 velimus:
1104 3266 1106 3270 ,

220 3284 289 3345 Nam
305 3303 398 3364 neque
415 3282 519 3344 chorda
535 3298 633 3342 sonum
652 3280 759 3359 reddit,
778 3302 862 3363 quem
879 3287 939 3349 rntt
954 3306 1048 3349 manus
1065 3296 1089 3346 et

733 3385 823 3448 mens,
896 3384 920 3389 ”
