2266 3878
326 286 437 349 LIBER
448 288 484 348 ll.

73 441 224 517 {uquennes
235 436 315 500 oleas
328 449 374 500 est
384 450 414 500 et
424 441 564 501 silvestria
576 459 671 519 cerua,

73 524 126 581 uisi
136 532 267 585 mutatum
278 527 369 602 paruit
379 525 535 584 defundere
548 528 657 601 uiuum,
671 536 710 602 et,

73 624 107 665 us
119 607 236 667 odorem
248 607 305 667 olei
315 627 442 686 nequeas
458 609 595 687 perferre,
608 642 620 654 ·
632 610 729 691 licebit

80 693 211 768 repotia,
225 691 333 751 natales
344 693 452 753 aliosve
464 691 572 753 diemm
853 695 895 756 60
995 718 996 732 ¹

75 783 121 833 tos
132 775 241 834 albatus
254 775 381 836 celebret
391 809 402 821 ·
414 791 501 835 eomu
515 778 580 855 ipse
590 775 683 836 bilibri
780 840 781 844 ,

73 857 151 919 libus
163 858 293 935 instillat,
313 862 418 920 veteris
428 877 484 920 nou
495 878 598 939 pareus
608 863 691 920 aeeti.

73 940 100 1002 di
111 945 196 1019 igitur
206 945 283 1002 vieta
296 945 408 1021 sapiens
420 951 527 1021 utetur,
543 953 572 1004 et
582 945 681 1004 borum

73 1045 112 1084 uu
134 1024 304 1087 imitabitur?
336 1026 395 1087 llae
418 1037 500 1106 urget
519 1027 621 1107 lupus,
644 1029 698 1088 bae
719 1030 806 1106 esuis,

518 1115 604 1172 aiuul.
806 1168 809 1172 .

73 1191 134 1251 idus
147 1194 214 1270 erit,
228 1195 276 1271 spui
286 1211 343 1254 nou
354 1195 476 1254 ulieudat
487 1195 637 1272 sordibus,
653 1205 738 1273 atque
850 1201 889 1260 65

73 1285 185 1336 teutram
197 1286 304 1354 partem
315 1278 406 1338 eultus
420 1282 514 1340 miser.
533 1279 587 1339 llie
597 1297 691 1357 neque
703 1282 805 1357 serris,

73 1361 109 1419 uti
121 1362 198 1419 serris
209 1360 357 1440 exemplo,
370 1363 434 1422 dum
446 1366 539 1424 munia
550 1363 629 1439 didit,

73 1462 121 1503 rus
133 1446 204 1520 erit,
220 1463 291 1520 aee,
305 1448 348 1504 sie
359 1456 389 1505 ut
399 1447 520 1523 simplex
529 1446 671 1524 Naevius,
685 1457 795 1507 uuetam

73 1529 147 1587 rivis
172 1529 321 1606 praebebit
340 1527 459 1608 aquam?
485 1532 583 1590 vitium
607 1531 673 1589 hue,
692 1549 806 1609 quoque

512 1631 651 1690 maguum.
747 1641 797 1667 =.

73 1697 121 1772 ipe
132 1713 221 1772 uuna,
231 1697 323 1755 vietus
335 1699 427 1756 tenuis
439 1715 511 1775 quae
523 1705 682 1775 quantaque
697 1715 794 1757 seeum
846 1699 888 1760 70

73 1788 128 1838 rat.
151 1777 183 1838 lrr
195 1781 291 1857 primis
301 1779 398 1840 valeas
409 1781 497 1840 berre:
512 1799 575 1841 uam
585 1783 680 1840 variae
691 1799 737 1840 res

73 1863 306 1939 ¹ueeautlrumiui‚
320 1863 436 1939 eredas,
448 1883 557 1924 memor
566 1864 642 1924 illius
653 1882 750 1941 aseae,

75 1965 91 2005 e
103 1945 223 2024 simplex
234 1947 300 2006 alim
313 1949 364 2007 tibi
379 1949 499 2022 sederit,
513 1958 542 2009 at
554 1947 637 2008 simul
648 1950 721 2010 assis

73 2031 159 2089 eueris
172 2029 265 2107 elixa,
280 2031 362 2101 simul
374 2033 521 2108 euuebylia
531 2032 631 2108 turdis,

73 2115 110 2172 :ia
121 2131 154 2172 se
166 2115 194 2173 iu
205 2114 291 2174 bilem
302 2124 413 2175 vertent
424 2117 626 2194 stomachoque
637 2114 782 2175 tumultum
847 2119 887 2183 75

73 2205 94 2256 :a
105 2197 179 2256 leret
193 2198 427 2274 pituitacllides,
448 2209 477 2258 ut
489 2199 609 2278 pallidus
620 2201 709 2258 omnis

72 2299 106 2340 ua
118 2280 251 2358 desurgat
266 2279 369 2341 dubia?
389 2282 463 2355 Quin
475 2300 579 2359 eorpus
592 2291 722 2341 onustum

73 2366 155 2424 temis
165 2367 241 2424 vitiis
253 2367 372 2429 animum
383 2383 498 2443 queque
509 2373 674 2442 praegravet
685 2382 748 2441 uua,

73 2466 102 2506 re
114 2448 203 2525 alligit
212 2449 296 2508 humo
308 2448 418 2516 divinae
430 2448 591 2527 particulam
602 2465 695 2507 aurae.

73 2531 560 2610 r,ubidietoeitiuseuratasopori
598 2597 602 2605 ,
841 2537 882 2598 80

73 2615 132 2674 rbra
143 2614 358 2693 dedit,uegetus
369 2618 544 2694 praescripta
555 2615 590 2675 ad
600 2617 692 2675 mimia
703 2619 801 2694 surgit.

73 2707 163 2758 tamea
174 2698 209 2758 ad
219 2699 320 2759 melius
331 2702 435 2777 peterit
445 2709 634 2759 transcurrere
648 2700 796 2779 quondam,

84 2781 159 2840 diem
172 2782 276 2842 lesbum
290 2783 402 2843 rediens
416 2783 560 2842 advexerit
571 2801 658 2842 annus
728 2819 730 2825 ,

73 2866 575 2944 reerearaveletterruatumeorpus‚
589 2866 694 2944 ubique
931 2920 933 2925 .

73 2948 150 3008 edent
160 2952 224 3008 auui
234 2959 264 3008 et
273 2953 385 3010 tractari
395 2950 507 3010 mollius
520 2959 598 3010 aetas
839 2951 879 3014 85

73 3031 149 3092 scilla
159 3032 252 3102 volet;
267 3033 319 3092 tibi
331 3034 461 3112 quidnam
472 3034 590 3094 accedet
601 3032 636 3093 ad
647 3035 738 3110 istam,

73 3135 94 3176 m
107 3134 178 3194 puer
189 3125 218 3176 et
234 3116 343 3176 validus
354 3120 528 3195 praesumis,
540 3117 697 3193 mollitiem,
711 3135 763 3176 seu

73 3220 79 3259 ι
90 3199 221 3260 valetudo
233 3200 364 3260 inciderit
373 3219 424 3260 seu
435 3201 513 3261 tarda
526 3197 680 3261 senectus?

73 3283 157 3343 :idum
168 3302 264 3362 aprum
275 3286 382 3362 urdqui
391 3283 554 3359 laudabant,
568 3299 625 3344 auu
636 3285 701 3361 quia
711 3299 795 3343 rasus

74 3366 166 3426 nullus
178 3377 247 3444 erat,
255 3367 317 3444 sed,
327 3366 598 3442 eredomaemems,
609 3365 685 3443 quud
695 3366 802 3444 haspas
837 3367 879 3429 90

844 3460 959 3650 Γ
