2266 3878
117 507 157 569 10

490 254 691 317 duumuiri

257 364 376 494 (Multis
388 407 437 468 ille
447 382 645 467 bonisdebilis
657 354 786 484 oceidit)
915 434 917 439 ·

282 493 359 556 Nulli
369 488 503 567 debilior,
518 507 600 569 quum
614 491 676 567 ribi,
689 489 801 569 virgili.

289 794 398 869 Quodsi
414 790 546 851 Threicio
557 786 686 849 blandius
699 787 816 869 Orpheo

252 866 255 875 ’
288 876 418 939 Auditum
428 871 577 933 moderere
587 873 734 933 arboribus
751 873 845 950 iidem,

181 1014 190 1022 .
288 961 352 1023 Non
362 975 451 1019 renuo
461 954 561 1016 redeat
571 957 686 1034 sanguis
697 959 822 1036 imagini,

251 1068 254 1075 ’
339 1042 430 1117 Quum
439 1038 754 1119 virgasemslhorridu‚

290 1177 354 1237 Nou
363 1175 435 1235 leuis
448 1173 582 1253 precibus
593 1174 650 1234 iaie
661 1175 822 1250 recludere,

290 1260 379 1338 Nigro
392 1256 560 1337 compulerit
572 1255 729 1318 Mercurius
741 1261 833 1337 gregi.
886 1261 889 1268 ’

287 1341 402 1405 Durum:
428 1341 479 1402 sed
491 1340 580 1402 levius
593 1341 623 1400 iii
634 1345 776 1420 patientia,

342 1424 484 1505 Quidquid
495 1427 640 1503 corrigere
651 1435 695 1485 esi
705 1427 795 1487 usius.

484 1699 707 1755 onnxxv.
813 1702 818 1707 “

433 1807 497 1859 AD
531 1805 768 1860 LYDIAM.

292 1918 405 1990 Porcius
416 1918 525 1976 iuuotas
540 1919 666 1994 quatiunt
678 1916 817 1975 fenestras
869 1958 873 1963 -

289 2000 413 2061 lactibus
426 1999 534 2059 crebris
546 2002 664 2059 iuvenes
677 2000 814 2077 protervi,

224 2141 226 2146 ,
291 2084 352 2145 Neo
363 2084 414 2143 sibi
429 2100 544 2143 somnos
556 2082 688 2161 adimunt,
703 2092 833 2162 ametque

352 2164 544 2244 lanuuium,

292 2301 371 2374 Quae
385 2302 463 2380 prius
475 2301 590 2362 multum
601 2301 694 2361 iuoilis
704 2303 838 2363 movebat

292 2382 438 2462 Gurdiues,
451 2385 530 2445 audis
541 2388 632 2445 miuus
646 2394 675 2446 ei
687 2388 777 2447 miuus
790 2388 858 2447 iam:

194 2544 204 2551 ,
291 2466 363 2545 „die
375 2477 424 2529 tuo
441 2468 542 2547 longos
560 2479 824 2549 pereunteuootes‚

354 2550 474 2631 „Lydio
488 2551 636 2614 dormisi“

292 2683 417 2746 Iuvioem
427 2688 565 2748 moechos
576 2706 644 2749 auus
655 2695 820 2765 arrogantes
882 2711 886 2723 ·

291 2767 387 2829 Flebis
399 2771 427 2830 in
439 2770 502 2831 solo
517 2769 590 2831 levis
607 2774 766 2849 angiportu,

292 2849 410 2914 Thracio
421 2854 577 2915 booohsute
587 2857 678 2933 magis
692 2855 745 2915 sub
756 2856 840 2915 iuter·

352 2935 534 3014 luniuvenio,

294 3065 363 3128 cum
373 3069 424 3129 tibi
436 3068 557 3148 dugrsus
568 3088 647 3132 umor
657 3082 686 3132 et
696 3070 795 3148 libido,

292 3148 373 3223 Quae
388 3150 463 3213 solei
473 3162 576 3215 meires
588 3155 692 3216 iurisre
703 3169 849 3233 equorum,

293 3233 409 3296 Saeviet
426 3236 502 3297 oirou
515 3239 595 3298 ieeur
608 3238 777 3316 desursum,

354 3317 419 3380 Nou
433 3321 495 3380 siue
510 3330 623 3399 questu,

939 256 1045 334 [ouri

288 578 330 639 'l'u
342 577 445 637 frustm
455 576 519 653 pius
531 574 587 633 heu
597 590 654 633 nou
664 576 703 633 iio
715 573 851 634 creditum
926 630 929 645 2
951 620 953 625 .

188 668 198 673 ''
335 657 436 720 Posois
452 656 633 732 Quinctilium
644 656 762 716 deos·
893 672 895 681 ¹
