2266 3878
17 268 22 279 ’
92 284 153 346 aas
435 280 728 344 urrsuonnnun.
828 288 928 365 [apat.
941 293 980 350 15.
992 293 1035 369 up

174 434 243 513 ilic,
259 434 307 495 ubi
318 434 457 513 nequitiae
471 407 624 494 iautoribus
640 443 669 494 et
679 433 781 494 timidis
792 432 846 496 nil'

174 518 230 577 Aut
241 518 353 596 paulum
367 517 534 594 abstulerat,
552 520 659 596 patinas
675 519 812 579 coenabat
824 521 911 583 omasi

113 606 153 667 35
175 601 246 661 Vilis
258 611 287 661 et
297 602 432 678 agninae,
448 601 537 660 tribus
548 604 621 661 ursis
634 601 709 680 quod
720 605 789 662 satis
801 614 889 683 esset,

175 685 291 746 Scilicet
300 693 331 744 ut
341 693 454 744 ventres
465 684 554 745 lamna
569 685 705 745 candente
716 696 849 763 nepotum

175 769 291 830 Diceret
301 767 423 827 nendos
434 776 580 829 corrector
588 768 710 828 Bestius.
732 766 820 847 Iden,

175 851 317 931 Quidquid
330 860 389 911 crat
399 860 496 912 nactus
507 852 630 930 praedae
643 853 772 928 maioris,
789 854 837 914 ubi
848 873 930 916 omne

173 937 304 996 Verterat
313 937 342 994 in
352 936 455 995 iunium
467 946 495 995 et
510 939 650 1011 cinerem,
664 935 752 1012 „Non
761 937 878 998 beronis
892 941 1000 1017 miror,“

71 1090 73 1097 y
113 1020 154 1085 40
174 1020 277 1080 Aiebat
287 1021 335 1096 „si
347 1021 395 1098 qui
408 1019 556 1081 comedunt
565 1019 655 1094 bona,
672 1021 783 1080 comsit
795 1021 886 1082 obeso

175 1103 246 1182 „iiii
257 1103 356 1162 melius
368 1102 460 1179 turdo,
475 1101 514 1162 nil
524 1102 607 1162 vulva
617 1101 761 1180 pulchrius
775 1104 901 1182 ampla.“

153 1250 162 1263 ,
174 1187 309 1248 Nimirum
320 1187 367 1245 bic
378 1203 434 1263 ego
445 1205 523 1245 sum:
538 1203 601 1245 nam
611 1194 668 1246 tuta
681 1194 710 1246 et
724 1186 840 1264 pamla
852 1189 945 1265 laudo,

177 1269 246 1332 Gum
260 1288 306 1329 res
318 1268 465 1346 deficiunt,
481 1271 549 1329 satis
563 1271 635 1329 inter
647 1269 712 1329 vilia
724 1269 820 1340 iortis;
850 1268 854 1279 “

175 1353 279 1414 Verum
289 1352 337 1413 ubi
350 1352 416 1432 quid
426 1352 527 1413 melius
538 1354 674 1431 contingit
684 1356 848 1431 etunctius,
861 1355 934 1415 idern

104 1439 153 1504 '45
174 1437 233 1498 Vos
246 1453 347 1515 sapere
359 1446 388 1496 et
398 1435 477 1497 solos
491 1439 536 1496 aio
551 1437 625 1498 bene
636 1439 748 1512 virere,
765 1454 884 1516 quorum
976 1460 977 1464 ¹

136 1586 140 1613 Ι
177 1519 357 1600 Conspicitur
369 1521 464 1581 nitidis
475 1520 588 1581 tundata
598 1522 717 1598 pecunia
728 1519 812 1580 villis.

390 1896 752 1954 lurlsmomxvl.

350 2004 412 2059 Ao
449 2002 802 2067 QUINCTIUM.

175 2126 219 2187 Ne
233 2125 424 2204 perconteris,
444 2123 651 2202 fondusrnous,
667 2127 773 2204 optime
784 2125 908 2206 Quincti,
974 2150 976 2159 ¹

174 2211 252 2271 Arvo
263 2217 362 2288 pascat
373 2208 487 2285 herum,
506 2227 541 2269 an
551 2209 647 2268 baccis
659 2208 805 2287 opulentet
815 2209 917 2288 olivae,

176 2294 306 2355 Pomisno
318 2300 346 2353 et
356 2293 459 2370 pratis,
474 2310 509 2352 an
522 2294 620 2352 amicta
632 2293 736 2353 vitibus
746 2293 822 2354 ulmo
831 2315 842 2360 :⁴
956 2368 959 2373 Ι

176 2378 321 2439 scribetur
330 2377 381 2437 tibi
392 2376 481 2436 forma
491 2375 650 2456 loquaciter
660 2385 690 2436 et
702 2378 772 2436 situs
786 2380 857 2456 agri.
931 2390 933 2395 ’

135 2465 154 2526 b
178 2460 309 2522 Continui
321 2469 447 2536 montes,
466 2462 494 2520 ni
506 2460 695 2521 dissocientur
704 2476 795 2538 opaca
973 2511 977 2515 .

175 2543 270 2620 Valle,
287 2543 339 2603 sed
350 2550 380 2603 ut
389 2545 506 2603 veniens
521 2544 646 2604 domurn
657 2543 729 2603 latus
742 2543 882 2622 aiispiciat
893 2545 950 2623 Sci,

176 2626 297 2689 Laevum
307 2627 457 2687 discedens
470 2645 551 2687 curru
562 2628 690 2705 fugiente
700 2636 830 2705 vaporet.

176 2709 354 2789 Temperiem
364 2709 473 2772 laudes.
497 2709 587 2788 Quid,
604 2711 793 2772 airubieuntia
806 2712 921 2792 benigni
941 2758 962 2780 ,-

177 2793 270 2857 Corua
279 2813 385 2873 vepres
396 2804 425 2855 et
437 2809 525 2874 pruna
535 2795 641 2871 ierant,
661 2796 685 2854 si
697 2812 820 2873 querens
833 2805 864 2856 ct
873 2797 931 2857 ilex

115 2882 155 2944 10
175 2878 263 2940 biuita
272 2879 354 2957 fruge
366 2896 471 2956 pecus,
489 2879 573 2939 muita
585 2878 725 2938 dominum
735 2881 813 2940 iuvet
823 2876 941 2942 nubat

176 2963 264 3024 Dicas
276 2961 423 3022 adductum
435 2964 551 3040 propius
563 2961 695 3022 frondere
707 2960 867 3024 Tarentum.
913 3031 922 3051 ι

177 3047 253 3107 Fons
265 3046 348 3105 etiarn
358 3047 419 3105 rivo
431 3046 498 3106 dara
508 3062 612 3106 nomen
626 3046 761 3123 idoneus,
781 3055 812 3108 ut
825 3065 882 3108 nec

176 3128 317 3209 Frigidior
327 3126 462 3189 Thracam
472 3147 527 3189 neo
538 3132 635 3206 purior
646 3131 747 3190 ambiat
759 3129 881 3210 Hebrus,

175 3214 287 3276 infirmo
304 3215 388 3291 capiti
400 3213 461 3272 nuit
477 3211 572 3289 utitis,
602 3213 677 3273 utilis
688 3213 762 3274 alto.

117 3302 153 3362 15
175 3298 236 3359 Hae
247 3295 372 3357 latebrae
384 3294 497 3373 dulces,
515 3299 612 3373 etam,
629 3298 653 3356 si
669 3298 779 3375 eredis,
791 3314 940 3374 anasum,

177 3378 349 3440 Incolumem
363 3380 414 3440 tibi
424 3398 470 3440 rne
481 3389 623 3459 praestant
633 3380 849 3460 Septembribus
864 3382 951 3443 boris.
