2266 3878
127 261 189 325 auo
488 252 748 316 urrsnouunuu
940 258 1083 338 [opusne]

210 409 346 471 Ridentur
355 408 426 468 mala
438 409 485 487 qui
498 417 667 485 componunt
679 409 812 477 carnium
826 426 924 477 uerum

211 491 337 554 Gaudent
347 493 503 552 scribentes
516 501 544 551 et
557 510 588 551 se
600 500 782 567 venerantur,
801 499 829 550 et
840 490 925 569 ultro,

210 577 241 639 Si
251 587 361 652 taceas,
382 574 493 636 laudant
504 575 638 654 quidquid
650 575 907 652 scripsere,beati.
972 622 990 635 ..

209 660 246 720 ht
257 663 305 740 qui
315 660 470 737 legitimum
481 660 576 736 cupiet
587 659 692 718 iecisse
703 665 817 736 poe'rna,

125 748 187 810 110
209 742 278 805 Guru
288 742 389 805 tabulis
400 744 518 802 animum
530 744 656 802 censoris
668 751 757 802 sumet
765 743 888 801 bonesti.

207 827 344 904 Audebit,
361 843 545 905 quaecunque
556 843 652 904 parurn
665 825 823 903 splendoris
834 825 977 886 habebunt

106 960 109 975 .
208 911 245 971 llt
255 913 315 970 sine
327 910 454 987 pondere
466 919 545 969 erunt
557 920 585 968 et
596 910 703 969 honore
714 909 827 986 indigna
838 909 974 988 ferentur,

208 995 301 1054 Verba
311 1011 427 1054 movere
438 992 519 1068 loco,
537 995 662 1071 quamuis
674 995 758 1052 invita
769 991 903 1053 recedant

90 1078 94 1085 ’
207 1077 245 1138 Et
254 1085 402 1137 versentur
412 1075 502 1134 adhuc
512 1077 582 1134 intra
595 1076 748 1153 penetralia
761 1076 881 1144 Vestae;

126 1165 185 1228 115
208 1161 362 1222 Obscurata
373 1159 420 1218 diu
431 1157 538 1236 populo
549 1159 640 1219 bouus
654 1169 747 1235 eruet,
765 1169 849 1237 atque

207 1236 334 1304 Prole'ret
345 1246 372 1302 in
382 1242 474 1301 lucem
487 1243 768 1320 speciosovooabula
779 1262 882 1320 rerum,

208 1326 288 1400 Quae
300 1328 402 1405 priscis
414 1335 565 1385 memorata
577 1325 730 1387 Catonibus
743 1337 827 1405 atque
839 1325 975 1406 Cethegis

207 1410 288 1471 Nunc
299 1413 369 1470 situs
381 1410 506 1469 informis
520 1413 619 1487 premit
632 1420 659 1469 et
671 1411 782 1471 deserta
793 1420 920 1471 vetustas
928 1435 939 1482 ·,-

205 1494 354 1554 Adsciooet
365 1511 454 1571 nova,
474 1512 546 1573 quae
556 1496 668 1571 genitor
679 1493 841 1573 produxerit
851 1513 935 1565 usus;

18 1660 21 1669 Ι
126 1581 186 1644 120
203 1579 363 1638 Vehemens
376 1576 536 1655 etliquidus
548 1578 928 1656 puroquesimillimusamni
969 1628 971 1654 3

203 1661 312 1723 Fundet
324 1679 412 1740 opes,
429 1659 592 1740 Latiumque
605 1663 701 1722 beabit
711 1662 797 1722 divite
811 1661 921 1739 lingua3
938 1693 944 1711 2
968 1711 971 1717 .

203 1745 379 1807 Luxuriantia
391 1754 572 1822 compescet,
592 1748 673 1806 nimis
684 1764 785 1823 aspera
799 1760 867 1806 sano

202 1828 318 1889 levabit
329 1828 422 1905 cultu,
437 1831 540 1888 virtute
556 1833 677 1890 carentia
686 1830 776 1904 tollet,
956 1901 959 1905 ,

203 1912 335 1972 ludentis
347 1914 473 1989 speciem
484 1911 560 1972 dabit
572 1923 599 1971 et
612 1915 802 1990 torquebitur,
823 1922 853 1972 ut
864 1914 912 1991 qui
947 1918 952 1934 '

121 1999 181 2062 125
203 1995 284 2056 Nunc
299 1995 443 2071 Satyrum,
462 2014 534 2054 nunc
546 2006 686 2074 agrestem
699 1995 825 2074 Cyclopa
837 2004 975 2056 movetur.

202 2078 382 2138 Praetulerim
393 2081 515 2155 scriptor
526 2078 630 2139 delirus
643 2082 776 2159 inersque
787 2080 887 2155 videri,

200 2162 274 2222 Duru
284 2180 346 2222 mea
357 2160 497 2221 delectent
510 2161 581 2222 mala
596 2182 640 2222 me
651 2164 698 2223 vel
711 2164 833 2242 denique
849 2162 954 2239 fallant,

203 2245 292 2319 Quam
304 2264 405 2325 sapere
418 2255 446 2305 et
456 2248 538 2323 ringi.
567 2245 630 2307 Fuit
640 2247 712 2308 haud
724 2248 857 2327 ignobilis
868 2246 964 2325 Argis,

202 2330 263 2403 Qui.
272 2348 305 2389 se
316 2330 450 2390 credebat
463 2332 549 2391 miros
562 2332 657 2390 audire
669 2331 821 2408 tragoedos
930 2380 933 2385 .

121 2415 179 2477 130
200 2412 232 2473 lu
242 2431 333 2474 vacuo
345 2414 435 2475 laetus
447 2431 551 2476 sessor,
556 2414 728 2494 plausorque
740 2416 860 2492 theatro,
926 2405 935 2429 ⁸

200 2495 302 2558 Cetera
313 2500 361 2576 qui
374 2500 449 2557 vitae
464 2507 589 2557 servaret
600 2501 690 2559 munia
701 2508 780 2559 recto

198 2580 294 2659 lione,
312 2582 403 2641 bonus
415 2600 484 2642 sane
497 2584 622 2659 vicinus,
641 2582 767 2642 amabilis
779 2584 898 2661 hospes,

200 2664 297 2726 comis
308 2667 336 2725 in
347 2681 479 2742 uxorem,
498 2675 598 2745 posset
611 2668 657 2744 qui
670 2663 822 2743 ignoscere
835 2669 927 2727 servis
1028 2675 1035 2690 ‘

196 2748 233 2808 Et
247 2751 328 2827 signo
343 2749 490 2810 laesonou
500 2752 621 2811 insanire
634 2749 762 2828 lagenae,

116 2835 174 2896 135
196 2832 298 2892 Posset
311 2835 358 2910 qui
369 2851 467 2911 rupem
480 2844 508 2893 et
523 2844 635 2912 puteum
645 2837 733 2893 vitare
748 2842 908 2914 patenteme

195 2916 249 2975 llio
263 2917 310 2975 ubi
323 2926 505 2992 cognatorum
519 2920 620 2996 opibus
633 2920 764 2997 curisque
777 2918 904 2980 relectus

195 2999 310 3078 Expulit
320 2998 467 3059 helleboro
479 3002 605 3065 morbum
616 3003 759 3080 bilemque
770 3020 896 3081 meraco,

194 3083 231 3144 Et
241 3083 314 3144 redit
324 3082 359 3143 ad
373 3101 456 3159 sese,
477 3083 566 3161 „Pol,
581 3103 627 3143 me
639 3085 801 3164 occidistis,
819 3087 914 3163 amici,
966 3126 969 3131 ·

194 3166 245 3244 „N
247 3185 283 3227 on
294 3169 453 3227 servastis“
467 3170 520 3243 ait,
539 3170 609 3244 „oui
620 3170 662 3226 sio
674 3178 782 3233 extorta
792 3170 925 3248 voluptas

114 3248 174 3312 140
194 3251 255 3328 „Et
268 3253 375 3310 demtus
389 3252 507 3332 pervim
518 3253 619 3310 mentis
630 3254 805 3330 gratissimus
819 3258 934 3317 error.“

194 3333 328 3395 Nimirum
340 3353 442 3414 sapere
454 3344 498 3395 est
509 3336 626 3395 abiectis
636 3335 706 3395 utile
720 3343 814 3418 nugis,
