2266 3878
188 281 230 351 7⁰
564 285 775 349 cantilauit-
983 292 1068 371 [out

593 444 716 492 ΗΜΛ,

78 516 80 522 ’
156 512 247 588 ¹irx
305 514 438 583 'Donec
455 540 513 583 non
528 521 582 583 alia
597 526 687 601 magis

387 607 490 667 Arsisti
501 625 595 685 nequo
610 616 669 666 crat
678 605 766 682 Lydia
781 615 847 684 post
860 605 981 686 Chloen,

338 688 417 751 nictu
429 690 515 768 Lydia
525 693 644 750 nominis

387 775 513 835 Romana
524 774 605 851 vigui
617 773 719 832 clarior
731 771 792 833 lin.
820 852 822 858 y

568 910 764 958 uolturios,
834 936 837 941 ·

340 990 389 1051 iic
402 1010 477 1052 nunc
489 990 612 1052 Thressa
620 990 716 1052 ‘chios
726 993 812 1068 regit,
847 1038 851 1045 ,

187 1076 228 1137 10
385 1074 492 1136 Dulces
508 1075 591 1135 docta
605 1075 705 1137 modos
722 1084 751 1134 ct
765 1075 887 1135 citharae
900 1074 1007 1152 scions,

335 1157 389 1219 Pro
401 1176 456 1237 qua
467 1174 523 1219 non
534 1168 655 1218 metuam
666 1161 748 1236 mori,

385 1243 415 1302 st
432 1251 548 1320 parcent
562 1244 669 1302 animae
680 1241 736 1303 iata
748 1243 901 1320 superstiti.

604 1383 726 1430 ΗΜΛ.

334 1457 382 1519 tte
392 1470 482 1520 torret
493 1462 557 1523 iace
570 1474 664 1524 mutua

386 1543 500 1605 'l'hurini
520 1546 613 1608 Calais
629 1547 701 1606 filius
715 1546 822 1623 Ornyti,
916 1568 924 1590 1

163 1626 223 1699 ,15
286 1687 289 1699 ,
328 1626 382 1687 Pro
397 1646 454 1707 quo
473 1631 516 1689 bis
531 1633 712 1709 patiarmori,
830 1703 832 1706 v

386 1712 417 1773 Si
428 1723 544 1792 parcent
555 1731 644 1792 puero
657 1714 713 1774 iata
726 1712 878 1790 superstiti.

560 1838 766 1896 nonunrris.

333 1933 419 2009 Quid,
437 1934 460 1992 si
472 1935 565 2011 prisca
579 1933 653 1994 redit
661 1934 758 1993 Venus

381 2015 580 2094 Diductosque
595 2019 663 2094 iugo
676 2019 755 2095 cogit
764 2016 885 2084 ahenam

334 2099 364 2161 Si
376 2099 449 2159 flava
464 2102 605 2160 excutitur
620 2099 711 2161 chios

182 2185 227 2277 20Ι
380 2180 893 2261 Rcicctaeqncpatotianualrydiao?

598 2297 728 2367 turnus.¹

324 2401 495 2481 'Quanquam
508 2403 602 2471 sidcrc
615 2404 760 2482 pulchrior

378 2485 431 2546 Illo
443 2495 496 2564 est,
511 2495 541 2546 tu
554 2487 646 2549 levior
658 2490 765 2549 cortice
777 2495 807 2549 ct
820 2485 949 2566 improbo

328 2568 492 2630 iracundior
502 2568 619 2643 Hadria;

378 2651 483 2713 Tecum
493 2656 591 2715 vivere
604 2675 704 2733 ameni,
714 2665 807 2715 tecum
819 2653 919 2713 obeam
929 2651 1034 2714 libcnsi

579 2904 680 2961 omi
696 2906 740 2959 X.

508 3021 523 3072 Ι
541 3021 568 3072 N
601 3021 624 3072 L
640 3023 669 3072 Y
685 3020 707 3072 C
725 3020 749 3070 E
768 3020 803 3074 N.

326 3153 489 3215 Extrcnrurn
506 3154 610 3216 Tanain
623 3159 647 3216 si
658 3157 784 3232 biberes,
797 3156 885 3232 Lyco,

327 3236 420 3298 Saevo
432 3247 519 3316 nupta
531 3242 604 3317 viro,
620 3260 665 3300 mc
676 3251 768 3300 tamen
780 3257 896 3318 asperas
916 3270 919 3275 ·

379 3319 544 3382 Porrectnm
556 3332 620 3384 ante
635 3324 713 3384 iorcs
726 3323 852 3383 obiicere
863 3321 965 3384 incolis

429 3404 558 3491 Plorarcs
570 3406 768 3487 Aquilonibus.
