2266 3878
141 334 145 343 x
202 278 305 363 leo,
542 264 548 282 ‘
633 278 786 342 naonou
939 224 1053 357 Δέῑο

325 431 464 510 Ametque
476 431 549 490 salsa
561 431 632 490 levis
643 432 738 490 hircus
750 448 884 508 aequora.

201 518 241 578 35
284 514 380 590 Haec,
397 524 426 574 et
438 533 511 593 quac
525 523 655 592 poterunt
665 513 771 574 reditus
783 513 950 575 abscindere
965 515 1053 576 dulces

323 596 427 657 Eamus
438 599 527 657 omnis
543 606 689 657 exsecrata
704 598 813 671 civitas,

279 680 340 741 ¹dut
349 698 414 757 pars
425 679 540 740 indocili
550 680 651 740 melior
661 698 765 757 grege;
783 679 876 739 mollis
888 690 919 742 ct
929 699 1034 761 exspes

202 825 205 829 ,
323 761 639 841 lnominataperprimat
656 762 774 823 cubilia!

282 847 360 922 Vos,
373 847 475 925 quibus
486 855 531 905 cst
540 847 639 921 vimus,
651 844 816 905 muliebrem
826 845 918 906 tollite
929 846 1045 926 luctum,

201 925 242 989 40
323 928 444 989 Etrusca
455 937 567 1007 praeter
578 937 607 988 et
619 928 714 989 volate
724 929 824 989 litora!

283 1013 343 1072 Nos
354 1021 446 1073 manet
458 1011 587 1074 Oceanus
600 1015 810 1089 circumragus:
825 1031 907 1089 arva,
926 1013 1010 1075 beata

324 1095 453 1155 Petamus
466 1113 532 1155 arva
543 1094 644 1154 divites
656 1103 685 1154 et
697 1095 814 1171 insulas,

283 1178 386 1238 Reddit
396 1179 443 1238 ubi
455 1195 580 1237 cererem
591 1176 674 1237 tellus
686 1181 789 1238 inarata
801 1181 950 1257 quotannis

323 1260 799 1339 Etimputatedoretusquevinea,

199 1341 239 1406 45
283 1341 611 1422 Germinatetnunquam
622 1343 745 1404 fallentis
756 1353 860 1405 termes
872 1345 966 1406 olivae

322 1427 463 1505 Snamque
474 1426 549 1505 pulla
560 1428 630 1487 licus
643 1437 721 1488 ornat
731 1428 870 1504 arborem,

280 1509 365 1570 Mella
380 1528 449 1572 cava
459 1519 567 1570 manant
579 1529 614 1570 ex
625 1510 701 1587 ilice,
714 1511 853 1571 montibus
865 1511 929 1572 altis

321 1592 404 1653 beris
416 1602 550 1672 crepante
560 1593 673 1671 lympha
685 1594 779 1654 desilit
790 1594 873 1673 pede.

280 1676 343 1737 lllic
353 1677 649 1752 iniussaeveniuntad
660 1677 776 1738 mulctra
787 1676 915 1756 capellae

198 1763 237 1824 50
284 1799 293 1808 -
320 1760 475 1839 llefertque
489 1769 565 1820 tenta
579 1779 649 1838 grex
663 1762 768 1821 amicus
780 1761 877 1838 ubera,

279 1842 342 1904 Nec
352 1846 530 1922 vespertinus
543 1845 735 1920 circumgemit
746 1863 828 1904 ursus
842 1844 928 1921 ovile,
1027 1918 1030 1928 Ι

320 1926 422 2003 Neque
432 1928 591 1986 intumescit
606 1926 660 1986 alta
671 1929 776 2004 viperis
788 1929 896 1989 humus.

279 2007 418 2086 Pluraque
429 2008 529 2068 felices
540 2009 708 2085 mirabimur,
726 2020 755 2070 ut
769 2030 863 2090 neque
875 2011 962 2091 largis

253 2134 255 2139 -
322 2091 456 2169 Aquosus
466 2090 558 2151 murm
569 2109 634 2153 arva
645 2092 723 2153 radat
735 2096 880 2172 imbribus,

197 2173 235 2233 55
278 2174 394 2252 Pinguia
404 2193 458 2236 nec
471 2177 557 2234 siccis
571 2184 683 2236 urantur
693 2180 799 2238 semina
810 2178 915 2256 glebis,

319 2259 473 2338 Utrumque
484 2277 553 2336 rege
570 2267 742 2340 temperante
757 2262 900 2324 coelitum.

276 2341 340 2402 Non
352 2344 406 2403 lure
416 2343 514 2421 Argoo
527 2343 669 2404 contendit
678 2347 785 2422 remige
796 2347 889 2424 pinus,

318 2426 418 2506 Neque
429 2427 569 2506 impudica
581 2424 697 2486 Colchis
708 2428 798 2489 intulit
809 2429 926 2506 pedem;

261 2509 339 2570 ,Non
350 2511 404 2570 huc
416 2511 524 2571 Sidonii
534 2520 676 2570 torserunt
688 2529 792 2572 cornua
802 2520 903 2573 nautae

194 2594 234 2656 60
316 2591 532 2664 Laboriosanec
548 2595 763 2655 cohorsUliaei.

274 2676 357 2737 Nulla
367 2688 470 2739 nocent
482 2679 579 2757 pecori
593 2681 732 2755 contagia,
744 2678 847 2741 nullius
860 2682 926 2741 astri

317 2757 860 2840 Gregemaestuosatorretimpotentia.

273 2842 400 2921 luppiter
410 2845 457 2906 illa
472 2849 535 2924 piae
546 2847 671 2904 secrevit
681 2844 762 2905 litora
772 2849 861 2924 genti,

314 2926 351 2987 Ut
361 2929 513 3005 inquinavit
524 2946 591 2987 aere
603 2936 714 3004 tempus
725 2947 849 3008 aureum,

187 3011 229 3072 bb
271 3009 362 3085 Aere,
377 3011 479 3071 dehinc
490 3011 565 3071 ferro
578 3009 685 3071 duravit
696 3013 820 3090 saecula,
834 3031 952 3093 quorum

311 3093 367 3155 l'iis
379 3093 503 3154 secunda
514 3102 578 3153 vate
589 3112 634 3153 me
648 3092 727 3155 datur
736 3095 812 3175 iuga.

572 3320 574 3325 ι
589 3293 729 3313 w
