2266 3878
144 277 210 353 aas
504 277 765 371 srrsromnun
962 283 1089 361 [apaan

228 431 375 494 blarmuris
387 441 434 493 aut
447 433 543 492 eboris
556 432 651 493 fabros
663 441 709 492 aut
721 433 794 492 aeris
810 433 922 510 amavit,

221 516 381 595 'Suspendit
392 519 466 594 picta
477 516 584 577 vultum
595 525 773 596 mentemque
784 515 899 594 tabella,

135 664 138 675 ,
169 614 173 627 ’
226 600 480 662 Nunctibicinibus
493 603 733 679 nuncestgavisa
743 600 900 678 tragoedis,

227 684 284 744 Sub
296 687 405 745 nutrice
417 685 512 763 puella
522 685 602 745 velut
612 687 636 744 si
648 684 758 744 luderet
769 686 871 762 infans,
891 692 894 697 '

144 774 206 835 100
229 768 313 843 Quod
325 769 427 847 cupide
440 772 535 849 petiit,
552 779 658 829 mature
669 768 752 846 plena
762 768 888 847 reliquit.

228 853 302 926 Quid
313 852 408 930 placet
418 864 466 914 aut
478 854 544 914 odio
557 863 617 930 est,
635 852 712 933 quod
722 869 778 913 non
791 854 925 914 mutabile
936 853 1052 916 credas?

225 937 288 997 lloc
300 955 387 1015 paces
400 940 526 1000 habuere
537 939 628 998 bonae
638 939 774 1015 ventique
786 937 915 998 secundi.

226 1022 334 1083 Romae
345 1022 427 1082 dulce
439 1023 485 1082 diu
497 1023 549 1081 fuit
561 1031 589 1080 et
600 1020 737 1080 sollemne
749 1020 861 1081 reclusa

212 1105 309 1167 alfane
321 1106 405 1166 domo
416 1107 550 1184 vigilare,
567 1105 661 1165 clienti
674 1121 805 1183 promere
816 1107 887 1182 iura,

144 1190 204 1252 105
229 1188 335 1250 Cautes
348 1190 504 1250 nominibus
518 1192 605 1249 rectis
619 1189 781 1267 expendere
792 1205 931 1266 nummos,

226 1272 350 1333 Maiores
362 1274 475 1351 audire,
492 1275 590 1333 minori
605 1273 701 1333 dicere
713 1291 766 1351 per
777 1291 850 1352 quac

226 1355 367 1418 Crescere
378 1376 426 1418 res
438 1367 554 1437 posset,
573 1360 658 1417 minui
670 1357 802 1418 damnosa
813 1355 912 1417 libido.

224 1439 340 1503 llutavit
354 1452 473 1503 mentem
485 1442 608 1521 populus
623 1441 711 1518 levis,
732 1451 760 1502 et
772 1440 846 1501 calet
856 1457 912 1502 unc

225 1525 372 1585 Scribendi
387 1525 496 1586 studio:
513 1528 593 1604 pueri
609 1535 762 1604 patresque
773 1527 868 1585 severi

142 1608 203 1673 110
223 1607 335 1669 Fronde
347 1626 442 1670 comas
453 1613 539 1670 vincti
551 1618 672 1670 coenant
682 1620 710 1670 et
724 1612 844 1673 carmina
856 1609 970 1670 dictant.

222 1692 290 1772 lpse
302 1712 375 1771 ego,
394 1698 441 1772 qui
453 1695 546 1754 nullos
557 1713 602 1754 me
613 1695 720 1755 affirmo
734 1695 862 1754 scribere
874 1711 988 1772 versus,

223 1774 356 1837 Iuvenior
368 1777 477 1838 Parthis
489 1779 669 1854 mendacior,
688 1788 717 1839 et
728 1780 805 1856 prius
820 1787 883 1837 ortc

224 1861 293 1920 Sole
307 1862 376 1940 vigil
394 1862 529 1923 calamum
545 1873 573 1922 et
585 1863 694 1922 chartas
710 1872 738 1922 et
749 1862 852 1921 scrinia
864 1864 966 1939 posco.

221 1942 321 2005 Navim
331 1964 419 2022 agere
430 1948 544 2023 ignarus
557 1949 634 2005 navis
648 1947 741 2022 timet,
757 1947 922 2006 abrotonum
933 1962 1020 2024 aegro

139 2027 199 2090 115
221 2026 286 2086 Non
297 2027 381 2087 audet
394 2030 448 2104 nisi
459 2031 507 2107 qui
519 2028 615 2088 didicit
626 2030 707 2104 dare,
726 2030 802 2107 quod
812 2029 986 2089 medicorum
997 2039 1048 2107 est,

220 2109 385 2183 Promittant
394 2112 513 2189 medici,
533 2121 650 2173 tractant
664 2113 772 2174 fabrilia
784 2114 869 2181 fabri;

221 2194 376 2255 Scribimus
391 2194 496 2256 indocti
509 2197 643 2276 doctique
656 2205 786 2277 poemata
800 2199 914 2275 passim.

220 2277 274 2339 Hic
286 2290 467 2341 emcrtamen
479 2280 592 2353 scleris
605 2283 677 2342 haec
690 2284 797 2341 insanio
809 2291 928 2360 quantas

219 2362 343 2424 Virtutes
357 2366 473 2442 babeat,
491 2367 534 2425 sic
545 2365 665 2444 collige:
680 2368 752 2426 vatis
765 2384 864 2426 avarus

137 2446 199 2508 120
220 2446 285 2508 Non
296 2457 403 2508 temere
420 2460 463 2511 est
480 2452 603 2520 animus;
617 2468 719 2509 versus
731 2458 817 2525 amat,
833 2450 890 2510 hcc
902 2448 997 2510 studet
1007 2463 1094 2518 uoum;

218 2529 407 2610 Detrimenta,
424 2533 506 2613 fugas
518 2549 680 2610 servorum,
696 2533 824 2594 incendia
834 2533 918 2611 ridet,
1042 2541 1046 2545 ’

219 2613 283 2677 Non
297 2617 423 2678 fraudem
434 2621 515 2679 socio
528 2636 655 2696 puerove
666 2620 802 2695 incogitat
814 2617 900 2677 ullam

217 2698 346 2778 Popilio;
360 2704 429 2763 vivit
441 2704 551 2784 siliquis
564 2713 593 2763 et
603 2721 676 2782 pane
690 2700 828 2770 secundm

217 2781 334 2846 llilitiac
349 2805 506 2867 quanquam
516 2791 600 2867 piger
612 2797 642 2849 et
651 2786 759 2862 malus,
777 2785 853 2845 utilis
864 2786 939 2859 urbi,

135 2866 196 2932 125
220 2867 250 2929 Si
262 2867 311 2929 das
322 2871 395 2947 hcc,
412 2876 506 2950 parvis
519 2890 634 2952 quoque
643 2873 729 2932 rebus
740 2887 839 2948 magna
850 2870 950 2930 iuvari.

218 2950 258 3012 Os
273 2963 399 3016 tenerum
415 2959 495 3035 pueri
510 2957 678 3035 balbumque
691 2962 777 3035 poeta
789 2955 900 3032 figurat,

217 3035 342 3116 Torquet
353 3040 387 3101 ab
400 3041 533 3100 obscenis
548 3043 602 3100 iam
613 3058 686 3099 nunc
700 3039 877 3099 sermonibus
887 3056 996 3115 summ,

162 3184 164 3189 Α
215 3119 284 3182 tior
295 3124 378 3184 ctiam
389 3132 493 3205 pectus
501 3125 663 3201 praeceptis
675 3124 776 3182 format
787 3124 896 3199 amicis,

215 3204 385 3284 Asperitatis
401 3215 430 3266 et
440 3206 561 3266 invidiae
574 3214 719 3265 corrector
732 3214 761 3265 et
772 3209 841 3283 irae,

133 3289 195 3352 130
215 3288 306 3352 Recte
320 3291 510 3368 famarefert,
530 3291 648 3350 orientia
657 3298 785 3367 tempora
795 3291 869 3351 notis

214 3370 329 3436 lnstrnit
340 3374 495 3456 exemplis,
512 3377 628 3455 inopem
642 3374 749 3435 solatur
760 3384 788 3434 et
799 3393 925 3452 aegrum.

57 3484 223 3640 A
