2266 3878
55 296 148 384 [sara]
355 398 361 409 1
448 301 558 365 nunna
568 303 591 364 1.
841 346 844 351 .
928 302 989 364 143

96 464 98 475 ’
113 454 497 536 „Velatumquest01a,mea
514 476 598 535 quum
613 457 772 516 conferbuit
782 453 870 515 ἰταῒιι

113 539 186 617 Quid
202 538 410 619 responderet?
422 585 451 601 ..
477 540 603 618 „Magno
625 549 705 618 patre
727 549 789 600 nata
811 539 904 619 puella

363 647 366 651 ·
706 628 785 684 est.“

108 711 146 770 At
156 717 262 788 quanto
279 708 395 768 meliora
405 718 500 768 monet
513 709 718 785 pugnantiaque
734 709 795 769 istis
884 750 889 767 ,

108 795 200 854 Dives
213 794 277 871 opis
288 801 384 852 natura
395 811 474 868 suae,
487 802 517 852 tu
528 793 552 851 si
563 791 647 851 modo
660 801 739 851 reete

107 877 285 957 Dispensare
300 876 418 936 relisae
433 892 489 936 non
503 875 636 952 fugienda
648 875 778 953 petendis
947 880 985 940 75

108 961 283 1022 Immiseere.
311 957 452 1021 Tuovitid
464 977 592 1020 rerumne
607 959 731 1035 labores,
795 1021 802 1033 Ι

109 1044 156 1106 Nil
165 1045 275 1106 reiene
286 1042 387 1123 putas?
404 1044 563 1120 Quare,ne
575 1046 719 1120 poeniteat
729 1053 768 1120 te,
814 1054 817 1060 ’

108 1130 216 1190 Desine
226 1137 365 1188 matronas
377 1130 526 1204 seetarier,
539 1127 613 1187 unde
623 1127 728 1188 laboris

108 1213 175 1273 Plus
186 1214 298 1274 haurire
309 1212 373 1272 mali
386 1221 430 1271 est
442 1230 524 1291 quam
535 1230 571 1271 ex
580 1230 611 1270 re
619 1211 776 1291 deeerpere
785 1210 902 1270 fruetus.

111 1297 173 1357 Neo
186 1298 278 1374 magis
290 1295 356 1356 huie
369 1297 442 1355 inter
451 1298 551 1356 niveos
564 1294 727 1373 viridesque
738 1294 850 1374 lapillos
861 1326 872 1339 ·
946 1296 987 1357 80

113 1381 155 1442 Sit
164 1381 234 1442 lieet
249 1380 321 1457 hoe,
338 1377 486 1457 Cerintho,
506 1388 582 1439 tuurn
596 1411 607 1423 ·
620 1388 747 1439 tenerum
759 1387 804 1438 est
814 1379 905 1438 femur

663 1472 785 1523 anterus
846 1480 848 1484 “

112 1548 247 1624 Rectius,
258 1556 345 1626 atque
360 1548 444 1606 etiam
454 1546 555 1606 melius
569 1564 709 1624 persaepe
724 1555 837 1623 togatae
850 1554 903 1606 est.

112 1631 192 1691 Adde
203 1631 259 1705 hue
270 1630 346 1711 quod
357 1647 480 1691 meroem
491 1633 552 1690 sine
563 1630 636 1690 fueis
647 1637 755 1708 gestat,
775 1639 872 1707 aperte
1006 1638 1008 1643 '

114 1714 307 1789 Quod'venale
320 1714 404 1776 hahet
415 1715 553 1791 ostendit,
574 1731 643 1790 nee,
665 1716 689 1773 si
712 1712 779 1791 quid
792 1713 905 1774 honesti
980 1787 983 1790 ῃ

729 1804 783 1873 est,

113 1880 199 1945 hotot
208 1882 351 1962 habetque
364 1883 469 1961 padam,
486 1884 594 1961 quaerit
605 1898 662 1960 quo
673 1881 764 1958 turpia
776 1878 860 1947 oelet.
945 1880 985 1943 85
1057 1880 1061 1899 '

112 1965 238 2046 Regibus
249 1968 366 2026 hiemes
377 1976 435 2026 est:
446 1966 494 2025 ubi
505 1983 595 2045 equos
607 1974 774 2041 mereantur,
787 1972 904 2043 opertos

112 2048 283 2129 Inspiciam,
298 2068 353 2126 ne,
368 2053 392 2109 si
405 2051 510 2125 iaeies,
527 2059 557 2109 ut
569 2067 673 2127 saepe,
690 2049 795 2108 deeora

111 2131 190 2194 Molli
202 2133 271 2195 tulta
285 2133 359 2213 pede
375 2144 433 2210 est,
450 2142 585 2193 emtorem
596 2130 707 2193 indue'at
717 2133 850 2209 hiantem,

114 2217 195 2292 Quod
206 2215 341 2296 puleirrae
359 2217 474 2293 clunes,
497 2217 584 2277 breve
600 2217 677 2295 quod
696 2224 795 2293 eaput,
818 2213 904 2276 ardua

679 2316 783 2358 eervrx.

110 2382 171 2445 iios
182 2383 224 2444 illi
234 2393 329 2454 reete;
344 2403 381 2445 ne
393 2385 522 2463 eorporis
535 2385 638 2462 optime
649 2383 753 2458 Lyncei
946 2387 988 2447 90

112 2465 433 2545 Contemplereoeulis,
453 2466 584 2549 Hypsaea
602 2465 783 2541 eaeeiorilla,

113 2547 194 2626 Quae
201 2550 275 2612 mala
285 2560 364 2630 sunt,
376 2561 504 2629 spectes.
519 2550 568 2629 „0
582 2569 647 2611 erus
657 2550 663 2611 !
674 2566 691 2609 o
703 2548 855 2611 brachia!“
863 2584 901 2595 -

681 2633 785 2693 Verum

109 2716 255 2796 Deppgis,
267 2729 380 2796 nasuta,
395 2720 474 2779 brevi
489 2718 576 2780 latere
587 2736 621 2778 ae
632 2717 704 2796 pede
716 2716 803 2794 longo
818 2726 872 2778 est.
1000 2778 1006 2791 ,

109 2799 255 2863 nouenae
265 2800 379 2881 praeter
389 2804 491 2864 faeiem
503 2802 542 2862 nil
554 2820 671 2862 eernere
686 2802 792 2881 possis,
1018 2852 1021 2861 .

111 2882 229 2962 Getone,
241 2883 272 2946 ni'
284 2885 362 2947 Catia
375 2897 436 2964 est,
452 2886 577 2947 demissa
591 2895 672 2946 veste
684 2886 818 2964 tegentis.
945 2887 985 2948 95

111 2969 139 3029 Si
151 2968 299 3030 interdieta
312 2980 410 3048 petes,
425 2970 500 3031 vallo
513 2970 682 3030 circumdata
694 3002 705 3015 ·
717 2987 779 3030 nam
791 2976 821 3028 te

68 3112 83 3126 ,
110 3051 171 3113 Hoe
185 3052 255 3115 feeit
268 3056 395 3115 insanum
406 3087 417 3100 -
429 3077 436 3123 ;
448 3054 550 3116 multae
565 3056 615 3116 tibi
626 3064 684 3115 tum
695 3053 821 3114 officient
831 3070 889 3129 res,
935 3090 939 3099 «

112 3135 263 3215 Custodes,
276 3136 389 3215 leetiea,
404 3138 560 3215 ciniflones,
577 3141 726 3218 parasitos,

110 3218 152 3280 Ad
163 3220 236 3282 talos
247 3222 320 3282 stola
331 3222 453 3283 demissa
465 3232 494 3282 et
508 3223 677 3283 circumdata
691 3221 775 3300 palla,

110 3301 238 3382 Plurima,
251 3325 325 3385 quae
335 3307 476 3367 invideant
487 3325 557 3385 pure
572 3323 710 3385 apparere
721 3305 771 3364 tibi
782 3320 851 3362 rem.
924 3302 986 3364 100

109 3384 206 3450 Altera
218 3385 258 3448 nil
269 3388 363 3450 obstat
376 3388 445 3450 Cois
456 3393 523 3453 tibi:
548 3407 640 3467 paene
651 3388 749 3467 ridere
760 3394 805 3446 est
