2266 3878
951 130 966 163 Ι

109 280 170 344 leo
455 361 458 365 .
486 280 703 343 snnmnnuu
934 288 1010 365 psa.

192 431 344 511 „Heredes
355 432 466 494 Staberi
478 453 611 495 summam
622 434 748 495 incidere
760 435 906 515 sepulcro,
992 498 997 503 ,

129 521 168 582 85
191 518 251 596 „Ni
263 520 306 579 sic
317 518 469 596 fecissent,
482 519 668 597 gladiatorum
679 519 747 579 dare
758 528 872 579 centum

97 606 103 623 “
191 603 342 681 „Damnati
356 602 463 681 populo
476 606 553 681 paria
564 612 649 682 atque
660 603 775 682 epulum
785 602 902 664 arbitrio
913 603 984 683 Arri,

190 686 354 765 „Frumenti
366 697 497 767 quantum
507 689 586 747 metit
596 686 701 747 Africa.
724 686 818 765 „Sive
833 705 890 766 ego
901 707 984 767 prave

190 816 212 849 „
220 772 302 848 „Seu
312 781 392 832 recte
403 772 459 831 hoc
469 770 563 848 volui,
578 790 615 831 ne
627 773 667 831 sis
679 780 793 850 patruus
805 771 909 831 milri.“
931 771 1019 852 crdo,

189 855 276 933 „Hoc
292 856 404 916 Staberi
423 855 588 932 prudentem
604 858 723 914 animum
735 854 853 915 vidisse.
877 854 982 930 pouit
993 878 1019 933 er¹

127 940 169 1000 90
189 941 324 1018 „Sensit,
343 957 406 999 cum
419 957 553 999 summam
564 941 712 1015 patrimoni
724 938 889 1016 insculpere
900 957 967 1001 sexo

185 1020 341 1102 „Heredes
353 1019 462 1083 noluit?
483 1027 504 1093 5
515 1021 616 1095 Quoad
626 1024 711 1100 vnxit
725 1021 864 1083 credidit
855 1041 956 1102 ungens

93 1176 98 1193 ι
188 1107 378 1205 „Pauperiem
388 1108 486 1166 vitium
499 1115 527 1165 et
538 1108 612 1166 camt
625 1106 693 1183 nihil
705 1108 814 1183 acrius,
826 1115 873 1184 ut,
890 1109 915 1167 si

187 1191 297 1268 „Forte
308 1192 398 1251 minus
409 1189 540 1268 locuples
552 1207 607 1249 uno
621 1189 772 1289 anadraute
783 1176 917 1269 perisset,

83 1349 88 1360 Ι
187 1274 279 1352 „lpse
289 1274 434 1335 videretur
447 1275 502 1335 subn
512 1291 647 1353 nequior
660 1275 750 1334 omnis
765 1291 840 1334 emm
849 1293 909 1352 res,

72 1410 75 1415 .
124 1360 164 1420 95
186 1359 321 1436 „Virtus‚
335 1359 424 1436 lama,
441 1359 545 1436 decus,
565 1358 844 1435 dmnahumanaque
859 1359 981 1437 pulchris

185 1442 322 1520 „Divitiis
334 1453 447 1520 parent;
460 1462 530 1523 quas
543 1444 592 1521 qui
605 1443 793 1503 construxerit
802 1487 815 1519 ,,
825 1440 876 1502 ille

184 1526 309 1605 „Clarus
326 1530 396 1605 erit,
415 1527 513 1605 tortis,
526 1529 617 1588 iustus
630 1559 668 1572 -
699 1530 720 1597 5
735 1523 915 1604 Sapiensne?
936 1524 1020 1599 ostiu

616 1619 706 1671 etrex

183 1695 244 1773 „Et
256 1694 393 1775 quidquid
406 1694 495 1755 nolet.
518 1694 598 1772 Hoc,
610 1693 698 1754 veluti
709 1695 813 1754 virtute
824 1702 959 1772 paratum,

183 1780 340 1859 „speram
350 1797 469 1856 magnae
483 1778 558 1838 laudi
570 1779 643 1839 fore.
667 1776 742 1852 Quid
753 1776 846 1837 simile
858 1779 905 1838 isti

100 1865 162 1928 100
182 1862 334 1940 „Graecus
344 1861 523 1940 Aristippus,
537 1865 585 1940 qui
597 1879 696 1921 servos
712 1862 853 1940 proiicere
865 1880 959 1923 aurum

182 1945 239 2022 „ln
250 1946 341 2006 media
352 1947 434 2006 iussit
444 1946 549 2022 libya,
567 1948 632 2023 quia
643 1945 747 2006 tardius
759 1947 831 2005 irent

182 2029 326 2106 „Propter
336 2045 407 2089 onus
419 2027 544 2107 segnes?
557 2029 628 2090 Uter
638 2038 683 2089 est
693 2031 818 2089 insanior
827 2026 984 2090 horum?-

182 2111 253 2189 „Nil
264 2114 323 2191 agit
334 2114 510 2192 exemplum,
523 2112 602 2173 litem
615 2112 691 2191 quod
701 2112 751 2173 lite
761 2111 892 2173 resolvit.

181 2198 235 2274 „Si
249 2198 313 2274 quis
329 2207 402 2257 emat
417 2199 554 2275 citharas,
572 2206 660 2258 emtas
672 2204 831 2275 comportet
842 2198 872 2256 in
883 2215 974 2269 unum,

98 2281 158 2345 105
180 2281 266 2358 „Nec
277 2280 370 2342 studio
383 2284 505 2343 citharae
519 2299 574 2341 nec
588 2300 687 2342 musac
700 2280 811 2340 deditus
823 2279 885 2358 ulli,

179 2366 235 2442 „Si
246 2366 357 2444 scalpra
369 2375 397 2425 et
408 2367 513 2427 formas
523 2383 580 2426 non
591 2374 687 2442 sutor,
700 2366 812 2441 nautica
824 2363 892 2424 vela

179 2449 329 2525 „Aversus
339 2453 519 2511 mercaturis:
531 2448 637 2511 delirus
649 2458 678 2508 et
689 2467 784 2508 amens

156 2533 334 2612 „Undique
345 2534 453 2595 dicatur
465 2536 577 2595 merito.
601 2532 656 2608 Qui
670 2531 831 2610 discrepat
822 2533 896 2608 ustis,

179 2615 260 2693 „Qun
270 2635 399 2679 nummos
409 2637 564 2697 aurumque
573 2635 624 2679 rec
645 2616 719 2693 ndit‚
731 2618 846 2676 nescius
858 2619 899 2676 uti

96 2702 158 2766 110
178 2699 377 2801 „Compositis
388 2712 574 2781 metuensque
585 2634 719 2761 velint
675 2702 840 2780 contingere
853 2696 980 2762 socrum?

178 2784 308 2865 „Siquis
322 2785 377 2847 ad
368 2796 512 2865 mgentem
521 2786 654 2848 frumenti
664 2802 779 2865 semper
791 2802 925 2847 acervum

177 2866 461 2949 „Porrectusvigilet
473 2888 536 2930 cum
546 2870 634 2948 longo
646 2869 739 2947 fuste,
757 2886 853 2948 neque
867 2868 944 2930 illino

177 2950 312 3030 „Audeat
323 2955 451 3015 esuriens
464 2954 592 3014 dominus
604 2956 770 3033 contingere
781 2971 910 3031 manum,

177 3034 245 3114 „dc
255 3036 351 3115 potlus
361 3036 438 3097 loliis
453 3055 557 3115 parcus
568 3047 701 3099 vescatur
713 3039 829 3106 amaris;

25 3178 28 3183 .
95 3122 155 3187 11⁶
176 3118 233 3198 „st
244 3119 364 3203 positis
354 3129 429 3180 mtus
441 3119 505 3182 chii
516 3124 680 3201 veterisque
692 3120 806 3183 Felemi

108 3238 111 3243 ·
176 3198 420 3282 „llrlleccdls-
432 3203 573 3283 nihilest,
587 3215 743 3267 tercentum
755 3204 894 3284 millibus,
908 3222 973 3266 acre

1 3344 2 3354 ,
39 3350 44 3361 ,
221 3296 420 3350 otctaeetum·
412 3307 498 3369 ,aga
511 3291 576 3351 siet
589 3289 972 3352 stramentisincuhetunde·

8 3285 422 3650 ΛΜ
353 3391 443 3437 sucos
457 3383 554 3455 natus,
567 3392 614 3437 cur
606 3375 749 3456 stragula
761 3374 861 3452 vestis,

104 3581 232 3650 ἡ
585 3600 593 3613 .
