2266 3878
91 272 193 362 [tutti
463 273 572 335 unna
592 270 615 333 1·
966 275 1027 340 ιιι

151 422 258 485 Invidia
269 434 354 503 atque
365 427 461 503 vigent
471 426 519 486 ubi
533 428 660 486 crimina:
675 444 726 504 pro
737 426 813 487 bene
825 443 893 488 sano

151 508 193 568 ,lc
203 525 261 569 nou
270 510 382 569 incauto
392 509 495 586 pictum
508 519 696 588 astutumque
707 528 852 571 vocamus.

151 591 313 671 Simplicior
323 595 386 672 quis
396 600 425 652 et
435 602 493 670 est,
508 593 619 672 qualem
628 613 674 653 me
689 611 776 672 saepe
791 593 910 656 libenter

134 721 140 730 ,
152 675 307 736 obtulerim
317 676 382 752 tibl,
394 676 559 753 Maecenas,
573 686 603 736 ut
612 677 687 737 iorte
698 677 840 756 legentem

149 758 204 820 Aut
218 761 333 820 tacitum
347 760 471 839 impellat
482 764 582 839 quovis
594 778 723 821 sermone
735 761 888 822 molestus:
926 794 929 799 -
982 766 1022 828 66

149 840 328 922 „Commta
337 863 428 905 senec
437 846 531 923 ploce
543 849 649 906 ccret“
662 847 810 923 inquimus.
832 844 924 920 Eheu,

150 925 238 1001 Quam
251 934 360 987 temere
371 930 399 987 in
409 937 519 987 nosmet
530 927 624 1006 legem
636 931 774 988 sancimus
785 927 921 1007 iniquam!

148 1009 218 1071 Num
228 1012 304 1070 vitiis
316 1028 399 1071 nemo
411 1014 472 1071 sine
486 1014 624 1081 nascitur;
636 1015 758 1090 optimus
767 1011 816 1072 ille
825 1021 879 1089 est,

149 1094 330 1168 Quinimmo
341 1104 465 1173 urgetur.
483 1095 598 1155 Amicus
611 1096 711 1172 dulcis,
724 1105 754 1156 ut
765 1114 886 1175 aequum
897 1103 952 1170 est,

148 1176 217 1239 (ium
227 1196 290 1238 mea
302 1187 465 1256 compenset
476 1181 551 1238 vitiis
563 1178 652 1256 bona,
675 1180 801 1258 pluribus
812 1181 915 1255 hisce·
979 1177 1021 1239 70

146 1261 176 1322 Si
189 1261 275 1322 modo
289 1262 369 1340 plura
380 1263 447 1322 mibi
460 1263 534 1323 bona
548 1271 612 1323 sunt
623 1296 634 1307 ·
645 1260 772 1323 inclinet:
786 1265 870 1324 amari
974 1284 976 1289 ·

146 1345 175 1404 Si
186 1344 281 1422 volet,
295 1344 349 1404 lrac
358 1344 425 1425 lege
438 1348 466 1406 in
477 1347 577 1405 trutina
589 1357 709 1423 ponetur
720 1347 828 1407 eadem.

146 1427 218 1505 our,
229 1446 267 1489 ne
277 1429 423 1488 tuberibus
438 1431 561 1508 propriis
572 1430 695 1490 odeudat
705 1433 834 1507 amicum,

133 1510 285 1589 rl'ostulut,
299 1514 431 1591 ignoscet
441 1516 568 1573 verrucis
580 1513 668 1573 illius:
680 1532 801 1593 aequum
813 1523 867 1591 est,

143 1593 270 1656 Peccatis
280 1598 391 1657 reniam
402 1605 567 1676 poscentem
577 1597 697 1657 reddere
710 1616 817 1657 rursus.
976 1600 1017 1659 75

143 1677 288 1758 Denique,
302 1690 440 1758 quatenus
452 1678 543 1740 excidi
555 1683 666 1758 penitus
678 1683 775 1740 vitium
786 1683 856 1756 irae,

144 1761 244 1824 Cetera
258 1765 326 1824 irem
339 1774 482 1843 nequeunt
493 1764 585 1824 stultis
597 1762 757 1841 haerendi,
772 1782 822 1824 cur
834 1780 891 1824 non

141 1843 313 1907 Ponderibus
324 1848 501 1926 modulisque
516 1851 574 1908 suis
585 1852 656 1910 ratio
667 1851 761 1925 utitur,
773 1866 808 1908 ac
817 1865 864 1908 res

141 1928 177 1990 Ut
187 1939 389 2009 quaequaest,
402 1933 440 1992 ita
451 1934 600 2011 suppliciis
612 1932 716 1994 delicta
727 1928 863 1992 coercet?

141 2012 243 2092 siquis
255 2032 319 2075 cnm
334 2033 463 2092 servum,
476 2019 596 2095 patinam
607 2019 655 2097 qui
669 2017 773 2078 tollere
784 2018 878 2075 iussus
974 2016 1015 2077 80

140 2095 274 2158 Semesos
285 2100 381 2177 pisces
392 2100 575 2179 tepidumque
586 2102 739 2180 ligurrierit
748 2104 803 2176 ius,

138 2177 169 2241 Iu
181 2198 267 2242 cruce
282 2183 408 2260 suffigat:
421 2181 554 2244 Labeone
564 2187 687 2245 insanior
697 2188 769 2244 iuter

139 2263 228 2325 Sanos
241 2264 356 2326 dicatur.
380 2265 490 2339 Quanto
501 2269 557 2328 hoc
569 2269 702 2328 furiosius
714 2277 801 2345 atque

137 2345 226 2409 licius
242 2357 390 2427 peccatum
405 2360 448 2410 est
458 2373 464 2409 :
476 2350 590 2411 Paulum
602 2351 719 2430 deliquit
730 2351 852 2417 amicus;

140 2431 287 2505 Quodnisi
298 2434 455 2510 concedas,
471 2435 594 2495 lrabcare
606 2438 744 2495 insuavis:
755 2432 876 2493 acerbus
970 2434 1011 2496 85

139 2514 227 2577 Odisti
239 2525 269 2577 st
279 2513 355 2596 iugis
366 2527 396 2578 ut
407 2518 553 2579 Rusonem
566 2519 676 2579 debitor
687 2519 772 2593 aeris,

138 2597 192 2673 oui
203 2602 275 2678 nisi,
293 2605 461 2662 cumtristos
472 2605 576 2663 misero
587 2622 693 2663 venere
705 2599 857 2675 calendae,
999 2672 1001 2676 ι

135 2681 297 2745 llercedem
307 2695 355 2746 aut
364 2703 491 2746 nummos
501 2686 575 2746 unde
586 2687 659 2747 unde
672 2688 806 2761 extricat,
820 2701 925 2745 amaras
986 2736 992 2757 ,

133 2764 268 2829 Porrecto
280 2769 377 2848 iugulo
389 2770 521 2830 historias
533 2773 661 2850 captivus
672 2780 702 2830 ut
712 2769 797 2829 audit.

134 2849 301 2913 domminxit
310 2854 415 2914 lectum
425 2864 510 2933 potus
521 2873 656 2915 mensave
667 2853 789 2915 catillum
967 2847 1008 2910 90

131 2933 252 2996 Evandri
263 2940 389 2998 manibus
399 2941 493 2999 tritum
507 2938 626 2999 deiecit:
639 2939 676 2999 ob
688 2940 761 2999 hanc
771 2955 841 3010 rem,

131 3018 186 3079 Aut
197 3020 320 3098 positum
331 3031 394 3082 ante
406 3042 467 3082 mea
478 3025 544 3101 quia
553 3023 659 3101 pullum
669 3026 697 3083 in
708 3032 787 3103 parte
798 3021 881 3081 catini

132 3102 248 3162 Sustulit
260 3109 402 3183 esuriens,
415 3110 505 3173 minus
516 3107 572 3166 boo
583 3107 719 3167 iucundus
731 3108 837 3167 amicus

131 3184 172 3246 Sit
181 3185 268 3248 mihil
292 3188 366 3264 onir
377 3189 494 3266 faciam,
511 3193 535 3251 si
546 3192 647 3251 lurtum
663 3193 780 3267 lecerit,
793 3196 840 3248 aut
854 3188 879 3247 si

130 3266 285 3332 Prodiderit
296 3276 445 3335 commissa
457 3275 511 3334 lide
523 3293 695 3353 sponsumve
706 3268 835 3352 negarit‘l
962 3267 1003 3330 95

132 3351 201 3427 Quis
212 3357 291 3432 paria
302 3376 368 3418 esse
378 3359 439 3419 iere
450 3357 556 3436 placuit
567 3368 700 3436 peccata,
714 3359 852 3488 lallrppant,
