2266 3878
72 261 220 338 [spisse]
348 357 350 360 Ι
473 260 640 325 ciruitu.
969 273 1032 338 259

69 415 259 492 Poscentique
269 430 384 491 gravem
394 430 536 493 persaepe
549 421 662 479 remittit
673 431 792 500 acutum,

69 500 128 561 Nec
142 515 256 576 semper
267 498 366 574 feriet,
387 498 575 579 quodcunque
586 505 747 584 minabitur,
762 526 853 568 arcus.
968 516 1030 578 350

48 576 53 585 ’
68 587 172 647 Verum
184 585 231 643 ubi
244 582 325 660 plura
335 584 424 642 nitent
434 585 462 643 iu
473 587 611 664 carmine,
627 606 686 648 non
698 608 754 668 ego
765 595 863 670 paucis
904 628 907 642 ι

69 669 202 737 Offendor
211 666 343 744 maculis,
362 685 431 746 quas
443 676 490 727 aut
501 671 606 731 incuria
618 671 689 732 indit

34 779 37 787 ¹
66 757 122 816 Aut
133 755 251 818 humana
262 769 359 830 parum
373 755 446 812 cavit
459 762 565 814 natura.
610 755 684 830 Quid
696 775 766 837 crgo
777 757 840 819 est?

66 840 103 900 Ut
114 841 238 916 scriptor
249 839 273 896 si
285 845 386 915 peccat
397 837 470 896 idem
481 837 610 901 librarius
622 860 723 920 usquc,

68 924 202 997 Quamvis
217 930 261 981 est
270 923 406 997 monitus,
425 923 506 982 venie
518 933 606 993 caret;
623 934 652 984 ut
664 927 840 987 citharoedus
966 935 1026 996 355

66 1008 199 1083 Ridetur,
217 1005 322 1066 chorda
332 1007 381 1083 qui
392 1022 505 1084 semper
516 1008 628 1070 oberrat
639 1010 752 1071 eadem:

67 1093 116 1152 Sic
128 1091 212 1166 mihi,
234 1092 281 1169 qui
293 1090 407 1150 multum
420 1100 527 1169 cesset,
545 1093 575 1153 fit
589 1092 738 1155 Choerilus
749 1095 808 1174 illc,

67 1176 158 1249 Quem
170 1175 213 1234 bis
225 1182 323 1253 terque
335 1175 438 1234 bonum
452 1194 514 1235 oum
526 1179 585 1238 risu
596 1181 697 1256 miror,
714 1189 743 1240 et
756 1180 831 1241 idem

66 1260 201 1338 Indignor
215 1257 383 1339 quandoque
394 1259 485 1318 bonus
497 1260 626 1322 dormitat
635 1262 783 1324 Homerus.

67 1346 170 1405 Verum
181 1345 261 1422 operi
273 1341 360 1420 longo
371 1343 414 1402 ias
427 1352 471 1402 cst
482 1345 623 1422 obrepere
635 1364 770 1408 somnum.
965 1358 1028 1420 360

67 1429 102 1490 Ut
113 1431 236 1508 pictura,
253 1429 366 1505 poesis:
378 1428 431 1487 erit
442 1445 529 1506 quae,
550 1433 573 1488 si
587 1433 703 1508 propius
715 1441 785 1510 stes,

65 1513 106 1575 Te
118 1515 211 1591 capiat
221 1514 326 1590 magis,
348 1521 376 1571 ct
387 1511 538 1590 quaedam,
554 1516 578 1573 si
590 1513 703 1592 longius
717 1517 823 1578 abstcs.

65 1598 143 1658 Haec
153 1606 225 1658 amat
236 1598 399 1666 obscurum;
414 1596 492 1656 volet
502 1597 573 1657 heco
585 1600 637 1658 sub
648 1599 712 1658 lucc
724 1601 823 1679 videri,

64 1683 168 1743 iudicis
182 1690 308 1760 argutum
321 1700 393 1761 quae
405 1697 461 1740 non
471 1682 601 1742 formidat
612 1701 743 1753 acumcn;
885 1735 896 1745 .
910 1691 912 1695 '

66 1766 258 1845 Haec'plaouit
268 1766 374 1843 semel,
390 1766 462 1826 haec
473 1765 570 1826 decies
580 1770 699 1845 repetita
710 1769 842 1847 placebit.
963 1780 1025 1842 365

65 1851 188 1912 Omaior
198 1853 343 1926 iuvenum,
361 1850 487 1929 quam
499 1860 527 1911 ct
541 1868 614 1911 voce
625 1861 740 1930 patema

64 1935 193 2014 Fingcris
204 1935 239 1996 ad
249 1944 357 1996 rectum
368 1944 397 1995 ct
408 1952 461 2014 per
471 1944 499 1996 tc
511 1938 604 2015 sapis,
622 1937 678 1997 hoc
688 1938 738 1998 tibi
750 1936 853 2000 dictum

64 2016 144 2081 Tolle
154 2038 276 2081 memor:
293 2021 377 2080 certis
389 2020 509 2084 medium
521 2031 549 2080 et
559 2021 707 2099 tolerabile
717 2023 802 2084 rebus

63 2106 153 2165 Recte
165 2103 283 2164 concedi
295 2137 306 2146 -
320 2105 463 2164 consultus
474 2107 542 2165 iuris
554 2115 583 2166 ct
593 2116 673 2166 actor

45 2233 53 2241 ‚
64 2188 216 2250 Causarum
226 2186 377 2248 mediocris
390 2187 471 2247 abest
481 2191 583 2249 virtute
595 2190 692 2249 diserti

62 2273 220 2349 Messalae,
239 2288 293 2331 nec
304 2272 359 2330 scit
370 2279 500 2350 quantum
512 2269 670 2332 Cascellius
680 2271 779 2350 Aulus,

63 2359 120 2419 Sed
130 2367 221 2418 tamen
232 2358 261 2417 in
272 2356 363 2435 pretio
375 2363 420 2415 est
430 2378 458 2424 -;
473 2355 662 2417 mediocribus
674 2373 741 2415 csse
752 2360 846 2434 potitis

61 2443 125 2503 Non
135 2443 278 2519 homines,
298 2456 355 2500 non
366 2439 409 2517 di,
425 2454 481 2502 non
491 2458 661 2501 concessere
673 2439 828 2502 columnae.

60 2528 97 2589 Ut
107 2536 202 2605 gratas
213 2528 284 2586 inter
294 2542 405 2586 mensas
421 2525 586 2604 symphonia
597 2525 707 2586 discors

60 2612 97 2673 Et
109 2629 234 2672 crassum
248 2619 418 2689 unguentum
430 2618 458 2669 et
470 2609 558 2670 Sardo
571 2628 634 2671 cnm
645 2610 730 2670 mcllc
742 2628 865 2691 papaver
959 2618 1020 2681 375

55 2696 225 2771 Offendunt,
246 2703 355 2772 poterat
366 2695 430 2754 duci
442 2697 507 2775 quia
516 2712 606 2755 coena
616 2699 679 2756 sine
692 2697 768 2756 istis:

60 2782 108 2842 Sic
123 2780 220 2839 animis
231 2787 322 2838 natum
333 2781 532 2858 inventumque
543 2786 644 2857 pottma
656 2780 792 2859 iuvandis,
900 2851 905 2859 Ι

59 2868 89 2926 si
102 2863 214 2944 paulum
225 2880 332 2923 summo
346 2862 487 2939 decessit,
505 2866 597 2942 vergit
610 2864 645 2925 ad
657 2866 749 2927 imum.

58 2951 166 3012 Ludere
179 2949 226 3028 qui
237 2949 342 3024 nescit,
359 2949 560 3027 campestribus
575 2949 696 3009 abstinet
706 2953 799 3031 armis,

58 3033 247 3112 indoctusque
259 3028 334 3111 pilae
346 3030 453 3093 discive
466 3034 593 3093 trochive
605 3036 735 3115 quiescit,
955 3041 1018 3103 880

57 3119 101 3180 Ne
113 3121 224 3197 spissae
234 3119 320 3177 risum
331 3116 428 3178 tollant
441 3119 555 3198 impune
566 3135 704 3180 coronae:

59 3204 112 3279 Qui
124 3205 223 3263 nescit
234 3214 333 3263 versus
354 3205 540 3265 tamenaudct
552 3202 678 3283 lingere?
701 3209 720 3274 9
732 3203 855 3276 Quidni?

57 3289 140 3350 Liber
150 3296 179 3347 et
189 3288 345 3365 ingenuus,
362 3291 527 3366 pracsertim
537 3308 639 3349 census
650 3295 810 3367 equestrem

58 3373 196 3433 Summam
206 3388 391 3449 nummorum,
409 3375 536 3452 vitioque
545 3383 670 3434 remotus
681 3372 715 3433 ab
727 3373 856 3509 omniu*

979 3562 1072 3652 1
