2266 3878
98 283 196 352 [Epist
210 276 267 358 an„
488 274 597 338 urana
612 277 665 352 11„
994 273 1055 335 ror

40 451 45 457 ·
91 427 183 487 Dives
195 429 287 506 agris,
305 426 384 486 dives
396 430 498 504 positis
509 431 537 489 in
548 430 667 489 foenore
678 428 804 487 numinis.

43 574 53 587 ‚
86 513 125 575 ,si
137 527 210 572 vero
222 522 284 589 est,
301 520 413 570 unctum
424 515 472 592 qui
482 523 561 575 reete
572 531 681 593 ponere
694 513 787 591 possit

77 662 78 667 γ
95 596 129 656 Εῑ
141 597 284 675 spondere
295 597 351 656 levi
363 612 415 674 pro
426 614 552 675 paupere
563 607 591 658 et
601 601 712 676 eripere
724 597 790 655 anis

95 681 200 741 litibus
212 681 392 760 implicitum,
407 683 542 760 mirabor,
558 685 582 743 si
593 685 666 742 sciet
676 683 760 740 inter·

95 784 215 825 noseere
226 764 388 825 mendaeem
398 783 552 845 verumque
562 767 661 827 beatus
672 767 799 826 amioum.
943 763 1054 828 ,425

95 849 134 908 Tu
149 869 201 910 seu
212 850 324 910 donaris
335 866 385 909 sen
397 849 464 928 quid
476 851 580 912 donare
591 849 673 910 voles
687 852 742 926 edi,

39 994 42 1004 ,
62 951 63 954 ’
95 933 190 994 Nolito
203 934 237 994 ad
248 951 348 994 versus
358 935 407 994 tibi
419 935 511 995 laotos
523 935 627 995 dneere
640 935 751 1012 plenum

39 1063 43 1071 .
94 1014 970 1098 Laetitiae:olamabitenim,‚Pulehre!“„Bene!lleete!“-,

95 1102 234 1162 Palleseet
245 1121 331 1181 super
341 1102 399 1179 his,
413 1105 494 1163 etiarn
506 1104 620 1164 stillabit
630 1105 728 1164 amieis

53 1261 56 1267 Ι
94 1187 137 1246 Ex
149 1187 239 1246 oeulis
250 1203 358 1262 rorem,
375 1186 472 1263 saliet,
487 1188 584 1248 tundet
594 1187 669 1266 pede
678 1197 789 1247 terram.
992 1183 1055 1248 430

94 1271 147 1347 Ut,
163 1273 209 1349 qui
222 1269 353 1330 eondueti
364 1269 475 1347 plorant
486 1273 514 1329 in
526 1272 643 1348 funere,
659 1271 753 1331 dieunt

94 1354 129 1413 Et
142 1355 245 1414 iaciunt
256 1371 347 1433 prope
359 1352 439 1432 plura
451 1352 611 1435 dolentibus
623 1357 775 1429 exanimo,
790 1356 832 1414 sie

94 1439 211 1498 Derisor
221 1454 290 1498 vero
301 1437 366 1517 plus
377 1436 664 1498 laudatoremovetnr.

94 1524 190 1601 Reges
203 1522 329 1583 dicuntur
341 1521 433 1583 multis
445 1541 547 1602 urgere
560 1521 671 1582 oulullis

93 1607 128 1667 itt
139 1617 272 1686 torquere
282 1626 378 1684 mero,
392 1626 474 1687 quern
483 1609 667 1687 perspexisse
678 1605 815 1682 laborant,
922 1647 924 1651 ψ

94 1693 135 1750 An
147 1693 183 1750 sit
194 1694 313 1751 amicitia
325 1693 442 1770 dignus:
454 1695 477 1752 si
490 1695 609 1752 earmina
621 1689 738 1766 condes,
820 1733 822 1737 ψ
872 1688 875 1693 ’

94 1776 239 1853 Nunquam
249 1785 278 1835 te
290 1776 386 1847 fallant
396 1780 478 1839 animi
490 1778 542 1837 sub
552 1777 638 1854 vulpe
649 1776 778 1835 latentes.

93 1945 203 2021 „lloe“
216 1946 307 2005 aiebat
318 1955 370 2023 „et
380 1948 470 2008 hoe.“
491 1947 594 2008 Melius
603 1956 632 2005 te
645 1961 732 2024 posse
743 1960 886 2025 negares,

93 2031 140 2088 Bis
152 2039 251 2108 terque
266 2039 411 2108 expertum
423 2033 536 2093 trustra:
555 2031 652 2092 delere
666 2028 780 2089 iubebat
842 2044 845 2048 ·
887 2070 891 2077 -
916 2048 922 2063 ·

92 2113 128 2173 Et
138 2113 210 2173 male
222 2122 348 2172 tornatos
362 2116 454 2174 inoudi
469 2116 587 2175 reddere
598 2134 708 2175 versus.

93 2199 122 2257 Si
135 2194 290 2257 defendero
301 2195 434 2258 delioturn
449 2216 530 2275 quam
540 2208 651 2257 vertere
662 2196 775 2256 malles:

92 2282 203 2342 Nullum
213 2278 284 2339 ultra
294 2280 410 2339 verbum
421 2290 468 2340 aut
478 2295 592 2356 operam
603 2280 759 2340 insumebat
770 2281 889 2355 inanem,
907 2280 909 2285 ’

93 2367 165 2439 Quin
177 2367 237 2424 sine
248 2362 328 2423 rivali
339 2372 426 2441 teque
439 2374 467 2424 et
476 2373 522 2423 tua
537 2363 615 2422 solus
626 2381 743 2422 amares.

92 2451 140 2509 Vir
151 2450 241 2508 bonus
253 2449 284 2507 'et
296 2448 418 2526 prudens
432 2465 532 2508 versus
542 2445 732 2524 reprehendet
747 2448 862 2523 inertes,

92 2532 223 2611 Culpabit
233 2533 333 2610 duros,
350 2533 479 2593 inoonrtis
490 2531 584 2592 allinet
595 2540 682 2590 atrum

91 2618 262 2678 Transverso
276 2616 380 2677 oalamo
393 2621 516 2696 signum,
534 2616 680 2679 ambitiosa
691 2614 799 2674 recidet

93 2703 273 2777 Ornamenta‚
292 2719 388 2778 parurn
402 2702 484 2762 elaris
495 2702 587 2760 lucem
600 2699 665 2759 dare
680 2709 775 2777 coget,

91 2786 198 2863 Arguet
209 2785 339 2862 ambigue
351 2786 468 2863 dietum,
485 2784 612 2845 mutanda
622 2784 739 2860 notabit,

90 2871 152 2929 Fiet
163 2867 356 2936 Aristarchum
370 2887 426 2929 non
440 2870 515 2930 dieet
526 2867 608 2945 „Gur
619 2886 674 2947 ego
686 2870 803 2929 amioum

91 2951 259 3030 „Oileodam
270 2953 298 3011 in
309 2950 436 3029 ιιιιςίεῗιι
451 2954 511 3014 Hae
522 2973 614 3031 nugae
625 2954 698 3014 seria
710 2953 811 3013 duoent

91 3037 122 3096 ln
132 3035 203 3096 mala
216 3035 337 3095 derisum
349 3036 436 3096 semel
452 3047 657 3116 exceptumque
669 3040 791 3098 sinistre.

91 3121 127 3180 Ut
138 3119 209 3178 mala
223 3138 307 3199 quern
318 3121 430 3181 scabies
441 3131 488 3181 aut
498 3122 611 3181 morbus
624 3125 720 3200 regius
731 3131 813 3200 urget

92 3204 146 3263 Aut
156 3203 291 3265 fanaticus
302 3221 380 3265 error
391 3213 419 3264 et
429 3206 559 3266 iracunda
572 3205 671 3282 Diana,

91 3290 229 3348 Vesanum
239 3290 369 3366 tetigisse
379 3291 475 3350 timent
487 3290 651 3368 fugiuntque
662 3297 786 3368 poetam,

91 3373 148 3448 Qui
159 3372 283 3449 sapiunt;
298 3375 402 3450 agitant
413 3375 493 3451 pueri
503 3375 663 3451 incautique
675 3382 837 3451 sequuntur.
