2266 3878
140 286 180 351 le
349 233 352 246 Ι
475 354 479 363 ,
508 288 709 351 calamitum
916 295 1104 372 [curare]

377 471 383 489 ⁸
490 475 591 530 omo
610 474 753 529 xvln.

393 558 440 610 AD
454 558 709 622 QUlNCTlLIUM
719 559 860 615 VARUM.

197 643 324 721 Nullam,
339 644 425 723 Varo,
443 665 523 708 sacra
536 649 595 706 vite
608 636 687 723 prius
698 648 807 706 severis
825 646 954 727 arborem
983 668 987 675 ·

205 727 287 789 Circa
298 729 364 789 mite
376 729 468 802 solum
479 729 590 790 Tiburis
603 737 632 788 et
643 731 755 788 moenia
766 727 863 789 Catili:

204 812 297 873 Siccis
307 815 399 874 omnia
409 832 472 874 nam
485 813 552 873 dura
568 812 638 872 deus
652 815 812 890 proposuit,
829 829 923 891 neque

203 895 353 956 llordaces
365 897 446 957 alitor
460 896 608 974 diliugiunt
622 895 837 956 sollicitudines.

163 983 182 1044 5
204 978 275 1054 Quis
287 988 354 1058 post
362 983 427 1040 vina
437 998 553 1058 gravem
564 979 688 1039 militiam
704 988 751 1039 aut
765 981 931 1057 pauperiem
947 976 1065 1057 crepat?

204 1063 275 1136 Quis
288 1080 346 1124 uon
358 1071 387 1123 to
401 1065 507 1141 potius,
518 1063 632 1141 Racche
648 1070 738 1142 pater,
755 1072 853 1142 teque,
868 1063 973 1122 decens
987 1058 1100 1123 Venus?

203 1146 247 1208 Ac
257 1164 293 1207 ne
305 1147 369 1225 quis
380 1147 483 1206 modici
493 1146 629 1207 transiliat
640 1165 755 1207 munera
765 1145 868 1223 Liberi,

205 1228 362 1291 Centaurea
373 1238 468 1290 monet
483 1249 546 1290 eum
559 1228 685 1308 Lapithis
696 1232 756 1291 rixa
768 1248 855 1308 super
864 1244 943 1289 mero

203 1313 362 1390 babellum,
379 1322 475 1374 monet
486 1313 623 1373 Sithoniis
638 1328 696 1372 non
709 1313 783 1374 levis
794 1312 893 1390 Euius,

144 1403 184 1464 10
206 1395 277 1457 Cum
294 1397 337 1456 ias
348 1405 434 1477 atque
446 1397 527 1458 neias
541 1399 645 1475 exiguo
659 1399 714 1456 line
725 1397 870 1457 libidinum

206 1481 377 1541 Discernunt
388 1481 472 1541 avidi.
501 1480 565 1540 Non
580 1497 636 1558 ego
651 1489 690 1556 te,
708 1480 824 1540 candide
834 1479 984 1557 Bassareu,

205 1562 325 1624 lnvitum
339 1566 469 1641 quatiam,
483 1583 538 1625 nec
551 1566 636 1623 variis
649 1564 741 1644 obsita
755 1564 901 1624 frondibus

206 1647 265 1706 Sub
281 1646 375 1708 divum
387 1650 501 1727 rapiam.
529 1648 621 1708 Sacra
632 1657 698 1707 tene
713 1665 775 1708 curn
786 1647 954 1723 berecyntio

208 1728 303 1790 Gomu
317 1738 459 1810 tympana,
477 1750 549 1810 quae
560 1731 742 1809 subsequitur
754 1749 856 1792 caecus
869 1746 947 1790 amor
960 1730 1015 1805 sui,

143 1817 184 1878 15
206 1814 244 1874 Et
256 1813 360 1875 tollens
375 1833 494 1875 vacuum
510 1814 574 1892 plus
584 1816 670 1873 nimio
681 1815 773 1892 gloria
787 1816 932 1890 verticem,

202 1896 363 1976 Arcanique
376 1897 447 1957 lides
458 1897 589 1976 prodiga,
603 1896 775 1975 perlucidior
785 1901 869 1960 vitro.

557 2057 703 2067 -—

519 2166 619 2221 olm
631 2163 729 2221 xlx.

445 2249 500 2301 ho
530 2250 804 2303 GLYCERAM.

268 2338 358 2401 llater
372 2358 458 2400 saeva
470 2338 639 2419 Cupidinum

316 2421 521 2502 Thebanaeque
533 2425 611 2485 iubet
620 2442 667 2485 me
679 2422 809 2483 Semelae
823 2440 894 2502 puer

268 2505 306 2568 Et
316 2507 423 2568 lasciva
435 2506 559 2570 licentia

314 2590 414 2651 Finitis
424 2593 543 2652 animum
553 2591 672 2652 reddere
688 2587 839 2649 amoribus.

270 2725 330 2786 Urit
344 2742 389 2783 me
400 2722 538 2800 Glycerae
549 2726 623 2784 nitor

316 2807 496 2886 Splendentis
507 2806 589 2866 Pario
601 2819 738 2864 marmore
751 2805 862 2881 purius;

268 2891 329 2951 Urit
339 2898 418 2969 grata
428 2891 597 2969 protervitas

315 2973 353 3034 Et
366 2973 460 3034 vuius
473 2973 586 3032 nimium
599 2971 724 3030 lubricus
739 2969 857 3047 adspici.

269 3106 302 3168 ln
314 3125 360 3166 me
372 3114 431 3166 tota
441 3125 525 3166 ruens
540 3104 636 3166 Venus

298 3190 422 3269 Cyprum
438 3188 572 3267 deseruit,
591 3207 645 3249 nec
663 3190 765 3268 patitur
783 3188 903 3265 Scythas

269 3273 306 3336 Et
314 3275 407 3334 versis
419 3275 573 3334 animosum
585 3275 666 3351 equis

296 3358 424 3420 Parthum
435 3358 540 3435 dicere,
554 3375 607 3418 nec
620 3374 692 3436 quac
703 3355 771 3416 nihil
783 3356 909 3416 attinent.
