2304 3876
57 284 59 293 ⁴
149 281 211 345 aco
414 226 416 233 ⁵
502 277 763 341 urisrounauu
831 263 834 274 '
959 283 1112 359 [recum

230 434 325 495 Ausus
335 433 424 494 idem:
441 442 545 494 tantum
556 433 646 490 series
657 433 840 509 iuncturaque
851 429 954 508 pollet,

232 517 348 578 Tantum
359 518 395 577 de
410 515 503 577 medio
515 517 613 575 sumtis
627 514 737 574 accedit
748 515 873 574 honoris.

181 604 186 611 “
232 601 318 661 Silvis
330 601 443 661 deducti
459 608 575 660 caveant
585 617 631 658 me
642 597 736 657 iudice
747 597 844 674 Fauni,

149 683 209 748 245
232 683 294 762 Ne,
309 685 387 744 velut
400 687 486 744 innati
496 685 585 742 triviis
598 699 632 742 ac
644 699 735 760 paene
746 682 886 758 forenses,

230 767 287 828 Aut
297 770 410 829 nimium
421 769 526 828 teneris
537 769 703 826 iuvenentur
712 766 841 825 uersibus
853 783 986 843 uuquam,

230 851 287 912 Aut
297 851 435 912 immunda
448 860 564 929 crepent
575 851 819 927 ignominiosaque
831 848 919 908 dicta:

232 934 416 995 offenduntur
426 938 515 1012 enim,
532 935 633 1012 quibus
649 943 693 992 est
708 951 798 1011 equus
808 941 837 991 et
847 941 929 1010 pater
940 941 969 992 et
981 951 1042 1010 res,
1077 955 1080 959 ’

230 1018 310 1096 Nec,
327 1021 351 1079 si
363 1019 429 1098 quid
441 1019 515 1078 lricti
526 1020 628 1077 ciceris
639 1017 741 1094 probat
752 1025 781 1076 ct
791 1019 872 1078 nucis
883 1025 986 1093 emtor,

150 1103 211 1165 250
232 1102 340 1182 Aequis
351 1105 491 1181 accipiunt
501 1103 599 1162 animis
610 1100 748 1161 donantve
762 1117 876 1161 corona.

145 1202 153 1211 “
233 1186 346 1262 Syllaba
357 1187 441 1266 longe
451 1187 531 1246 brevi
544 1185 671 1244 subiecta
683 1194 801 1245 vocatur
811 1185 943 1260 idochum,

230 1268 285 1328 Pes
297 1272 383 1328 citus:
399 1269 473 1329 unde
489 1270 571 1328 ctiam
585 1271 719 1328 trimetris
729 1285 896 1328 accrescere
907 1269 993 1328 iussit
1091 1293 1093 1295 ·

230 1352 339 1412 Nomen
349 1353 484 1429 iambum,
502 1371 574 1412 cum
579 1369 665 1413 senos
677 1351 827 1412 redderct'
819 1360 892 1413 rctus

229 1435 337 1496 Primus
352 1435 386 1497 ad
399 1446 552 1497 extremum
563 1436 662 1497 similis
673 1436 742 1511 sibi,
755 1438 860 1495 nonita
872 1435 992 1512 pridem,
1069 1446 1076 1454 '

149 1521 208 1582 255
231 1519 349 1580 Tardior
359 1529 389 1580 ut
399 1521 483 1598 paulo
495 1523 666 1619 graqiorque
679 1521 789 1579 veniret
799 1518 834 1579 ad
845 1537 940 1596 aures,

230 1603 381 1681 Spondeos
392 1605 528 1664 stabiles
518 1623 547 1663 m
557 1605 618 1664 iura
629 1613 744 1682 patema
756 1604 867 1680 recepit

231 1687 401 1747 Commodus
414 1697 442 1762 et
454 1690 579 1766 patiens,
594 1705 650 1747 non
659 1697 689 1747 ut
700 1687 735 1747 dc
746 1686 816 1747 sede
828 1684 953 1746 secunda

231 1769 354 1831 cederet
365 1781 411 1832 aut
423 1781 520 1851 quarta
531 1771 683 1831 socialiter.
726 1769 939 1830 llicetindcci

228 1853 378 1915 Nobilibus
387 1857 647 1933 trimetrisapparet
656 1873 753 1930 rarus,
769 1862 797 1914 et
811 1853 883 1914 Enni
994 1888 1001 1909 ,ι

44 1990 49 1999 ,
147 1940 209 2000 260
230 1937 262 1997 ln
274 1956 387 1998 scenam
398 1941 501 1998 missos
514 1957 577 1998 cum
587 1955 688 2015 magno
701 1938 828 2015 pondere
837 1955 939 1999 versus

228 2019 285 2080 Aut
296 2037 401 2098 operae
412 2022 515 2081 celeris
525 2023 638 2081 nimium
651 2039 773 2100 curaque
788 2023 908 2083 carentis

227 2102 284 2163 Aut
294 2106 439 2182 ignoratae
451 2107 551 2182 premit
562 2107 628 2164 artis
641 2106 755 2165 crimine
765 2108 850 2183 turpi.

228 2186 292 2249 Non
303 2190 395 2268 quivis
405 2188 483 2249 videt
493 2188 670 2249 inmodulata
681 2197 815 2266 poemata
825 2189 919 2266 iudex,

227 2270 264 2331 Et
276 2271 337 2332 data
348 2271 480 2333 Romanis
491 2275 575 2333 venia
587 2283 630 2332 est
641 2274 752 2350 indigna
766 2275 870 2350 poetis.

145 2353 204 2415 265
227 2353 375 2415 idcircone
385 2375 474 2434 vager
486 2357 664 2436 scribamque
678 2355 818 2417 licenter?
832 2375 867 2416 an
881 2374 981 2417 omnes
1060 2378 1066 2389 ·

226 2438 345 2498 visuros
356 2450 474 2517 peccata
485 2450 582 2520 putem
592 2459 671 2517 mea,
691 2450 766 2501 tutus
778 2451 808 2500 et
818 2443 888 2501 mtra

227 2523 346 2607 Spem
324 2525 425 2583 veniae
437 2523 555 2585 cautus?
572 2525 664 2585 Vitari
676 2525 798 2602 denique
809 2524 930 2602 culpam,

227 2605 290 2665 Non
301 2588 411 2666 laudem
423 2612 521 2668 merui.
543 2610 604 2668 Vos
615 2609 785 2686 exemplaria
800 2605 909 2668 Graeca
1005 2632 1007 2641 ’

226 2688 369 2750 Nocturna
379 2701 491 2755 versate
506 2711 606 2768 manu,
622 2702 734 2753 versate
748 2692 855 2753 diurna

144 2772 205 2833 270
225 2773 262 2832 At
272 2776 358 2833 vestri
374 2778 472 2852 proavi
484 2775 625 2837 Plautinos
638 2785 675 2836 ct
679 2793 809 2836 numeros
821 2784 849 2835 et

225 2856 386 2928 Laudavere
397 2859 490 2937 sales,
510 2863 622 2921 nimium
635 2863 774 2938 patienter
784 2868 944 2938 utrumque,
1052 2898 1059 2906 -

204 2954 207 2959 ·
225 2939 269 2999 Ne
281 2940 371 3001 dicam
382 2942 484 3020 stulte,
500 2946 607 3019 mirati,
625 2945 744 3004 simodo
757 2961 812 3020 ego
825 2953 917 3003 etvos

225 3024 334 3084 Scimus
346 3026 508 3086 inurbanum
520 3026 618 3105 lepido
629 3045 771 3106 seponere
783 3027 859 3086 dioto

224 3107 445 3187 legitimumque
458 3126 556 3169 sonum
568 3109 662 3208 digitis
674 3111 808 3170 callemus
820 3121 848 3170 et
859 3128 937 3170 aure.

141 3191 201 3254 275
224 3189 354 3268 Ignotum
368 3195 493 3270 tragicae
504 3211 593 3269 genus
607 3195 750 3253 invenisse
762 3193 902 3255 Camenae

223 3274 333 3336 Dicitur
345 3287 373 3336 ct
384 3276 514 3354 plaustris
525 3278 639 3335 vexisse
654 3285 783 3353 poe'mata
795 3277 930 3355 Thespis,

225 3357 305 3430 Quae
317 3371 447 3421 cancrent
458 3370 631 3438 agerentque
644 3364 769 3439 peruncti
782 3363 909 3422 faecibus
922 3379 1015 3423 cra..
