2266 3878
61 279 160 356 ,erp
421 273 580 337 uuuuu.
906 271 970 338 187

61 455 65 492 ι
81 430 147 490 diuo
166 428 335 491 horrendam
353 429 469 491 rubium.
482 473 489 488 .
503 471 532 488 ..
564 426 671 489 Horat.
691 425 749 487 lum
773 427 883 489 desine!

396 570 400 589 ,
503 511 593 575 Dum.
607 508 717 570 Cultum

61 615 136 658 prem
148 615 245 657 censu.
259 640 267 659 .
280 639 307 656 ..
329 595 436 658 Horat.
445 595 566 672 leneus,
578 594 763 674 Damasippe‚‘
773 597 829 655 tuis
841 597 882 656 tel

61 702 88 743 u.
98 679 178 741 illille
193 679 368 758 puellarum,
391 696 543 759 puerorum
559 678 636 739 mille
652 679 777 759 furorue
789 723 839 739 ...
903 682 964 745 325

61 773 106 826 ut.
122 762 248 826 Omaior
261 763 372 824 tandem
387 782 506 843 pareas,
522 765 637 839 iussus,
652 762 767 823 minori!
826 805 827 809 ,

163 868 167 900 l

406 940 556 950 -—

344 1070 528 1129 sum
549 1072 614 1127 lv.

61 1192 103 1245 at.
119 1180 202 1244 llude
221 1190 250 1242 et
267 1196 324 1259 quo
335 1178 453 1242 Catius?
478 1178 545 1243 Cat.
559 1181 623 1241 Nou
635 1191 679 1242 est
689 1183 755 1243 mihi
766 1191 878 1263 tempus

500 1268 593 1325 aventi

61 1367 104 1409 ere
116 1350 198 1426 sigua
208 1349 289 1409 novis
303 1350 482 1426 praeceptis,
499 1348 592 1425 qualia
602 1351 714 1409 vineant
766 1416 769 1421 Δ

61 1440 173 1513 lageran
183 1431 326 1510 Anytique
336 1449 416 1492 reum
428 1431 599 1509 domumque
612 1430 737 1495 Platona.

61 1526 101 1578 ut.
115 1513 266 1576 Peueutum
275 1516 385 1592 fateor,
402 1533 465 1575 euru
475 1524 505 1575 te
517 1517 560 1574 sie
570 1523 700 1592 tempore
711 1515 793 1577 laevo

61 1597 213 1679 rpellarim3
225 1599 277 1660 sed
288 1599 339 1659 des
350 1601 461 1659 ueniam
475 1599 582 1675 bouus,
599 1615 661 1659 oro.
941 1606 961 1665 5

61 1683 79 1745 d
90 1685 115 1743 si
126 1683 300 1744 interciderit
314 1683 364 1744 tibi
375 1701 450 1743 nuue
460 1681 576 1761 aliquid,
589 1691 792 1761 repetemus,

75 1775 120 1828 est
129 1777 244 1828 naturae
255 1769 310 1828 hoe
326 1770 387 1827 siue
399 1769 482 1844 artis,
498 1769 583 1826 mirus
594 1775 725 1844 utruque.

74 1849 151 1925 Quin
160 1852 189 1911 id
201 1860 261 1913 eret
272 1869 367 1928 curae,
379 1869 435 1930 quo
446 1860 531 1929 paeto
542 1859 643 1911 euneta
654 1858 791 1930 tenerem,

61 1943 99 1995 ute
112 1953 160 1994 res
175 1944 293 2011 tenues,
305 1938 382 1995 tenui
394 1950 525 2004 sermone
538 1943 678 2012 peruetus.

61 2028 99 2082 ut.
124 2017 187 2079 Ede
208 2020 327 2080 hominis
350 2035 467 2097 nomen,
495 2019 643 2096 simulet,
672 2018 815 2081 Romanus
841 2036 877 2081 an
913 2005 960 2080 {0

261 2160 264 2170 .
431 2137 432 2140 ¹
496 2104 613 2182 hospes.
778 2168 782 2175 f

75 2184 144 2266 lpse
154 2203 262 2246 memor
276 2189 556 2265 praeceptionum,
574 2186 712 2248 celabitur
725 2196 832 2247 auctor.

61 2268 202 2349 pu'quibus
213 2269 304 2333 iacies
319 2272 466 2346 eriserit,
481 2270 529 2330 illa
541 2280 693 2346 memento,

61 2355 121 2414 ueei
134 2353 260 2414 melioris
272 2364 301 2414 et
312 2363 342 2413 ut
352 2356 441 2432 magis
452 2353 516 2413 alba
527 2352 663 2430 rotundis,
700 2379 703 2396 ι

60 2456 117 2498 ere:
129 2455 250 2517 namque
262 2454 366 2498 marem
378 2438 513 2498 cohibent
525 2436 631 2496 callosa
643 2436 779 2497 vitellum.

61 2540 81 2582 e
94 2521 255 2581 suburbano
272 2524 320 2600 qui
332 2524 418 2581 sieeis
430 2523 520 2580 erevit
531 2523 559 2579 in
570 2521 646 2596 agris
919 2523 957 2583 15

61 2607 125 2682 ior,
142 2607 249 2683 irriguo
261 2605 330 2665 nihil
342 2616 386 2665 est
397 2605 499 2664 elutius
511 2604 604 2663 horto.

61 2690 217 2767 espertiuus
228 2689 322 2749 subito
337 2699 365 2750 te
378 2689 555 2768 oppresserit
565 2687 685 2764 hospes,

61 2772 150 2845 :ailina
161 2772 263 2832 mulum
274 2781 427 2850 responset
438 2772 505 2832 dura
519 2770 624 2848 palato,

61 2875 99 2916 us
112 2859 168 2917 eris
179 2860 272 2916 vivam
285 2859 371 2916 mixto
382 2854 653 2916 mersareltalernu:

62 2950 188 3000 teneram
200 2940 294 3000 faciet.
317 2938 498 3000 Prutensihus
510 2941 616 3017 optimu
627 2939 721 3018 iungis
879 2953 888 2973 '
918 2940 959 3004 20

63 3043 94 3105 ru
106 3033 165 3093 est;
179 3024 242 3084 eliis
258 3022 334 3099 male
343 3023 475 3084 ereditur.
498 3023 549 3084 llle
562 3023 689 3084 salubres

61 3117 121 3168 utes
134 3117 268 3185 peraget,
286 3109 334 3186 qul
345 3109 433 3186 nigris
446 3107 561 3187 pruudiu
571 3111 657 3169 moris

61 3200 95 3268 ut,
108 3200 172 3250 aute
183 3209 299 3270 gravem
311 3210 383 3269 quae
395 3191 497 3270 legerit
507 3192 609 3253 arbore
620 3192 720 3252 solem.
748 3228 750 3234 «

61 3274 116 3335 lius
128 3275 194 3334 furti
205 3275 342 3336 miscebat
352 3270 436 3337 uuella
447 3276 578 3351 Falerno,
722 3338 724 3342 Α

61 3358 144 3434 lose,
158 3361 398 3435 quouiemuaeuis
414 3357 678 3420 committereveuis
729 3437 730 3440 Ἴ
793 3410 817 3445 ,ἱ
851 3374 876 3416 A
