2266 3878
491 676 527 751 Q.
543 675 699 738 acuarit
715 675 850 737 Flacci

251 808 1041 939 cnamruuu

534 965 628 1022 LIBER
647 963 813 1032 QUARTUS.

599 1218 759 1279 ⁰1)ch
850 1222 853 1227 “

482 1324 545 1376 ΑΙ)
583 1324 871 1378 VENEREM.

339 1447 526 1548 Intermissa,
540 1471 653 1550 Venus,
671 1472 718 1533 diu

353 1641 355 1645 Α
389 1565 498 1627 Rursus
512 1565 716 1634 hella'moues?
737 1566 836 1645 Parce,
850 1584 964 1646 precor,
984 1584 1082 1646 precor

210 1666 215 1673 ¹
337 1647 476 1722 Ncnsum
490 1652 581 1731 qualis
598 1653 776 1731 erambcnae

391 1736 449 1795 Sub
465 1752 555 1814 regno
570 1735 698 1797 Cinarae.
735 1735 854 1810 Desine,
867 1733 989 1798 dulcium

340 1820 431 1880 llater
445 1838 530 1879 saeva
542 1817 720 1897 Cupidinum,

390 1902 474 1963 Circa
488 1902 575 1962 lustra
586 1903 685 1963 decem
700 1903 819 1969 ilectere
830 1903 964 1967 mollibus

338 1986 396 2048 lam
407 1986 504 2046 durum
515 1988 653 2063 imperiis:
667 1987 723 2063 abi,

391 2069 455 2144 Quo
472 2069 591 2130 blandae
606 2072 735 2131 iuvenum
747 2081 775 2132 tc
786 2081 922 2132 revocant
935 2089 1047 2150 preces.

339 2148 587 2230 Tempesti'viusin
600 2155 711 2215 domum
883 2233 885 2237 ,
1027 2156 1029 2163 ’

390 2237 495 2315 Paulli,
508 2243 657 2319 purpureis
669 2239 729 2301 ales
741 2240 880 2317 oloribus,
982 2290 985 2298 .

338 2320 538 2384 comissabere
549 2323 671 2400 Maximi,

390 2407 420 2468 Si
431 2418 540 2468 torrere
556 2410 635 2468 iecur
653 2410 766 2486 quaeris
781 2406 927 2468 idoneum:
988 2428 992 2433 ’

337 2490 466 2570 Namque
478 2499 507 2551 ct
520 2491 623 2552 nobilis
639 2501 668 2551 et
683 2491 788 2550 decens

388 2575 425 2634 Et
435 2592 487 2653 pro
503 2574 633 2636 sollicitis
644 2592 701 2635 uon
712 2576 814 2635 tacitus
825 2574 883 2634 reis

337 2659 374 2718 Et
385 2669 498 2720 centum
510 2677 582 2739 puer
591 2661 689 2720 artium

387 2742 455 2804 Late
470 2745 551 2822 signa
561 2744 634 2803 leret
647 2743 762 2803 militiae
772 2753 849 2820 tuae,

208 2812 210 2823 '
333 2825 371 2886 Et
383 2827 552 2907 quandoque
568 2828 711 2904 potentior

385 2908 484 2986 Largis
495 2908 657 2969 muneribus
669 2912 763 2970 riserit
778 2910 890 2985 aemuli,

336 2993 462 3053 Albanos
473 3010 566 3070 prope
585 3001 614 3050 te
629 2992 708 3052 lacus

385 3075 475 3135 l'cuet
485 3092 668 3136 marmoream
680 3076 731 3134 sub
744 3077 823 3136 trabe
838 3079 935 3135 citrea.

321 3158 650 3241 *lllicplurimauaribus
838 3236 841 3243 Δ

384 3244 482 3305 Duces
494 3245 590 3319 tlrura,
603 3244 740 3323 lyraeque
753 3251 782 3303 et
792 3241 980 3319 Berecyntiae

331 3328 520 3390 Delectabere
532 3330 617 3389 tibiae
