2266 3878
49 113 147 190 mn]
315 110 700 176 sATfflAubniiiunuu.
924 117 988 185 '171

111 262 182 325 Gum
192 283 239 325 res
250 264 313 343 ipsa
325 265 413 325 ieret:
425 267 480 325 nisi
493 266 591 326 dextro
601 276 747 346 tempore,
764 240 870 333 lllaueil

108 348 202 410 Verba
213 366 266 427 pur
280 357 413 410 attentam
427 367 484 409 non
494 350 572 411 ibunt
583 348 714 413 Caesaris
727 371 852 431 aurem,

109 431 163 493 Gui
177 432 250 494 malo
266 435 291 492 si
302 431 437 511 palpere,
453 433 613 494 recalcitrat
627 434 750 515 undique
762 446 847 499 tutus.
902 502 904 509 ,
945 441 986 502 20

111 512 233 580 Tradat.
257 515 368 592 Quanto
388 519 494 576 rectius
505 518 576 595 hoo,
600 537 682 596 quarn
702 522 774 580 tristi
786 520 901 582 laedere

611 621 697 663 versu
731 628 732 635 ¹

105 682 307 748 Pantolabum
315 682 742 765 scurramNomootonumquo
750 696 899 768 nepotem,
1010 702 1017 718 ⁸

106 766 176 844 (lum
188 768 243 829 sibi
256 771 378 848 quisque
389 770 483 845 timet,
498 786 655 847 quanquam
667 780 711 830 est
721 774 856 850 intaotus,
870 780 899 832 ot

608 853 682 914 odit!

105 933 212 998 Horat.
236 933 311 1009 Quid
333 933 456 996 laeiam'l
481 937 569 998 Saltat
583 937 732 1015 Milonius,
745 927 788 998 ¹ut
809 938 898 999 semel

608 1023 665 1081 icto

104 1101 239 1163 Aceessit
249 1101 345 1163 fervor
357 1105 441 1181 capiti
452 1121 641 1184 numerusque
653 1103 791 1176 luceruis;
875 1134 877 1145 ·
940 1109 979 1172 25
1064 1106 1085 1148 ,¹

105 1185 323 1264 Castorgaudet
338 1189 438 1265 equis,
453 1205 509 1246 ovo
521 1199 676 1266 prognatus
687 1189 789 1249 eodem

102 1269 223 1348 Pugnis;
236 1279 305 1349 quot
319 1273 440 1348 capitum
452 1273 563 1348 uiuunt,
577 1272 693 1332 totidem
705 1272 860 1333 studiorum

102 1353 205 1414 Millia:
217 1373 262 1415 ure
276 1355 396 1433 pedibus
412 1354 535 1415 delectat
547 1355 678 1417 claudere
689 1357 777 1423 verba

58 1463 60 1466 ·
101 1437 191 1499 Lueili
200 1440 274 1514 ritu,
286 1441 412 1498 nostudnr
423 1438 549 1498 melioris
561 1449 692 1524 utroque.
825 1518 827 1522 Α

101 1521 154 1583 llle
164 1521 243 1582 velut
254 1522 316 1582 iidis
327 1541 426 1582 arcana
439 1522 584 1583 sodalibus
599 1523 665 1582 olim
936 1529 979 1590 30

102 1604 245 1667 Credebat
254 1605 334 1667 libris
345 1651 354 1682 ,
367 1624 480 1684 neque,
493 1609 517 1666 si
528 1606 601 1666 male
613 1617 757 1683 cesserat,
773 1626 894 1686 uuquam

100 1688 264 1755 liseurreus
276 1689 333 1750 alio
343 1735 352 1768 ,
364 1708 458 1767 neque
473 1693 497 1750 si
509 1691 600 1751 bene:
614 1709 671 1771 quo
683 1692 728 1769 lit,
747 1686 777 1751 ut
788 1693 879 1752 ornnis

100 1773 202 1835 Votiua
214 1783 308 1853 pateat
317 1773 406 1834 veluti
418 1773 559 1852 descripta
570 1775 673 1836 tabella

100 1857 163 1920 Vita
180 1859 268 1924 souis.
304 1857 416 1937 Sequor
436 1859 526 1935 hune,
553 1859 681 1919 Lucanus
702 1878 736 1919 un
751 1859 891 1937 Appulus,

244 1996 249 2004 .
602 1962 672 2004 anne
694 1963 744 2003 s:·
783 1996 787 2006 u

98 2026 168 2087 Narn'
179 2025 339 2085 Venusinus
351 2034 410 2085 arat
420 2026 503 2085 linem
513 2027 566 2086 sub
580 1962 728 2106 utrumguo
743 2027 873 2104 colonus,
934 2030 974 2092 35

98 2109 250 2171 blissus-ad
260 2110 316 2169 boe
330 2109 437 2187 pulsis,
455 2119 538 2169 vetus
553 2119 597 2169 est
613 2121 642 2169 ut
656 2111 739 2185 faura,
757 2109 888 2186 Sabellis,

99 2195 162 2268 Quo
174 2212 211 2253 ne
226 2211 407 2271 pervacuum
418 2193 545 2254 Romano
559 2195 715 2253 incurreret
725 2195 826 2268 hostis,

99 2279 166 2338 Sive
177 2277 254 2356 quod
265 2276 378 2356 Appula
388 2295 459 2354 gens
473 2295 525 2336 seu
536 2277 613 2356 quod
627 2277 746 2337 Lucania
757 2276 861 2337 bellum

97 2361 240 2423 luouteret
250 2361 406 2421 violenta·
422 2361 480 2421 Sed
494 2362 540 2420 hie
552 2361 632 2421 stilus
643 2359 715 2421 baud
728 2369 807 2438 petet
817 2361 890 2421 ultro
979 2432 982 2437 ,

98 2445 274 2524 Quemquam
285 2448 461 2520 animantem,
470 2454 499 2504 et
510 2445 650 2505 meveluti
660 2443 803 2505 custodiet
812 2448 889 2507 ensis
932 2442 973 2509 40

96 2529 204 2609 Vagina
215 2539 308 2589 tectus
318 2547 326 2588 ·:
339 2547 423 2608 quern
434 2547 484 2587 our
495 2530 674 2605 destringere
687 2544 776 2587 coner
882 2567 885 2580 ·

97 2612 184 2673 l'utus
195 2615 231 2674 ab
245 2613 356 2674 infestis
369 2610 542 2672 latronibus?
558 2611 582 2672 0
597 2622 676 2689 pater
691 2621 720 2671 et
730 2629 780 2672 rex

96 2696 234 2776 luppiter,
249 2706 279 2756 ut
290 2705 389 2775 pereat
398 2697 521 2773 positum
531 2697 662 2774 robigine
672 2695 768 2771 telum,
807 2719 809 2723 ¹

79 2781 157 2842 'Neo
169 2783 317 2861 quisquam
328 2789 431 2841 noceat
442 2780 545 2857 eupido
557 2782 624 2840 milri
638 2780 731 2858 panis!
745 2778 782 2838 At
795 2778 855 2857 ille,

98 2864 152 2938 Qui
162 2883 209 2925 me
221 2867 378 2942 commorit,
389 2897 401 2908 ·
412 2863 512 2923 melius
526 2881 583 2924 non
593 2874 720 2942 tangere,
734 2863 859 2941 elamo„·
931 2863 971 2926 45

96 2947 188 3009 Flebit
200 2959 229 3008 et
239 2951 357 3026 insignis
371 2957 430 3009 tota
444 2949 598 3009 cantabitur
611 2949 689 3008 urbe.

98 3029 216 3094 Cervius
231 3037 317 3092 iratus
328 3032 410 3111 leges
419 3033 560 3093 minitetur
570 3042 600 3092 et
612 3050 716 3110 uruanr,

98 3113 212 3176 Canidia
223 3116 335 3193 Albuti,
353 3113 454 3195 quibus
466 3125 511 3175 est
527 3118 653 3190 inimica,
670 3132 819 3191 venenum,

98 3197 206 3260 Grande
217 3200 317 3260 malum
330 3199 446 3276 Turius,
459 3201 484 3258 si
496 3199 562 3277 quid
574 3215 607 3258 se
618 3197 712 3256 iudioe
724 3206 827 3257 sortes.
847 3193 855 3221 '·
