2266 3878
47 273 112 349 [or.
127 269 165 345 4.]
372 230 373 235 ‘
449 258 559 320 nrnnn
578 257 602 318 ι.

241 410 339 490 Ignem
351 411 449 471 fraude
463 410 535 470 mala
548 384 677 485 gentibus
688 406 786 467 intulit

199 494 288 555 Post'
281 514 374 574 ignem
386 494 510 555 aetheria
523 491 606 550 domo

239 579 411 638 Subductum
422 579 527 637 macies
541 566 782 634 etndvaiebrium
963 573 1005 634 30

200 661 295 721 'l'erris
307 662 432 721 incubuit
444 660 559 759 cohors,

243 746 408 823 Semetiqne
418 745 496 822 prius
510 741 588 802 tarda
598 741 756 800 necessitas

198 827 259 888 Leti
272 829 406 907 corripuit
417 825 542 904 gradum.

240 911 382 990 Expertus
394 928 512 970 vacuum
522 907 665 969 Daedalus
676 914 743 967 aera

198 993 301 1054 Pennis
314 1012 370 1055 non
381 995 485 1054 homini
497 993 582 1060 datis;
964 994 1003 1056 85

241 1072 811 1156 PerrupitAcberontaHerculeuslabor.

199 1159 245 1221 Nil
260 1160 422 1221 mortalibus
435 1160 513 1220 ardui
526 1168 583 1228 est;

241 1243 360 1305 Coclnm
374 1247 466 1324 ipsum
477 1245 598 1321 petimus
609 1240 737 1319 stultitia,
751 1257 846 1320 neque

139 1368 143 1373 -
198 1327 252 1388 Per
261 1338 386 1388 nostrum
397 1330 515 1405 patimur
526 1326 621 1386 scelus
804 1394 807 1399 ¹

240 1411 375 1493 lraqnnda
388 1410 486 1471 lovem
500 1426 606 1488 ponere
617 1409 740 1469 fulmina.

292 1596 303 1605 ··
444 1575 544 1631 omns
555 1575 619 1628 nv

54 1662 58 1670 ·
102 1648 222 1741 ssis
207 1684 210 1689 -
390 1648 483 1710 nnn:
498 1657 670 1735 susurrum

111 1716 263 1802 solvitur
246 1720 319 1801 acris
334 1737 424 1804 biems
435 1754 514 1822 grata
527 1747 592 1804 vice
602 1745 678 1803 veris
693 1750 721 1802 et
731 1741 848 1820 Favoni,

153 1824 367 1903 Trahuntque
342 1845 434 1887 siccas
447 1829 592 1888 machinae
604 1829 722 1903 cannas,
796 1896 800 1905 ¹

12 1914 16 1923 '
63 1908 154 1975 Ac
166 1926 259 1987 neque
268 1910 327 1968 iarn
335 1911 452 1970 stabulis
467 1910 571 1988 gaudet
585 1928 674 1989 pecus
691 1919 737 1970 ant
748 1919 841 1970 arator
851 1909 920 1987 igni,

89 1990 215 2052 -Nec
226 2000 304 2069 prata
314 1996 389 2052 canis
405 1993 525 2055 albicant
536 1997 652 2073 pruinis.

111 2069 169 2135 la'm
185 2074 326 2151 Cytherea
340 2078 444 2137 choros
456 2078 638 2138 ducitVenus
649 2079 808 2137 imminente
824 2075 899 2151 lona,
984 2079 1003 2138 5

153 2157 325 2238 lunctaeqne
336 2159 473 2238 Nymphis
485 2160 596 2221 Gratiae
607 2159 743 2221 decentes

111 2241 227 2301 Alterno
238 2250 339 2302 terrum
351 2247 476 2322 quatiunt
488 2244 573 2322 pede,
587 2244 651 2304 dum
661 2261 763 2322 graves
775 2236 949 2320 Cyclopum

152 2324 296 2384 Vulcanus
312 2325 411 2384 ardens
422 2329 476 2386 urit
488 2327 625 2387 cilicinas.

45 2398 59 2414 ⁶
107 2405 188 2468 Nunc
200 2407 284 2467 decet
294 2417 340 2467 aut
351 2408 431 2466 uiridi
442 2411 556 2469 nitidum
568 2420 651 2487 caput
662 2407 797 2486 impedire
808 2416 909 2484 myrto,

151 2490 305 2566 Autilore,
321 2493 612 2568 terraequemierunt
627 2492 751 2560 solutae;
964 2493 1005 2555 10

109 2574 191 2637 Nunc
202 2583 231 2634 et
241 2577 269 2634 in
278 2574 418 2635 umbrosis
430 2574 527 2635 Fauno
538 2574 620 2635 decet
631 2575 774 2636 immolare
785 2575 868 2650 lucis,

152 2658 211 2718 Seu
222 2667 322 2736 poscat
339 2677 410 2737 agna
426 2661 487 2718 sive
499 2658 574 2719 malit
585 2658 685 2717 baedo.
757 2680 760 2685 ·

109 2741 215 2802 Pallida
225 2758 302 2801 mors
313 2757 404 2820 aequo
416 2742 508 2820 pulsat
520 2742 594 2820 pede
606 2759 760 2819 pauperum
769 2741 899 2802 tabernas

151 2824 319 2904 Regnmquc
330 2823 431 2885 turres.
465 2825 488 2886 0
502 2826 585 2886 beate
597 2827 683 2902 Sesti,

38 2978 53 2991 .,
107 2907 192 2968 Vitae
203 2926 308 2968 summa
319 2909 413 2968 brevis
424 2927 505 2987 spem
515 2927 568 2971 nos
579 2918 656 2969 vetat
667 2908 800 2968 inchoare
810 2905 932 2985 longam.
967 2906 1003 2968 15

151 2990 210 3052 lam
223 3000 253 3051 te
267 3001 375 3070 premet
385 3009 452 3069 nox,
463 2992 632 3072 fabulaeque
643 2991 751 3070 Manes,

40 3080 43 3089 '
75 3140 78 3145 ,
107 3072 147 3138 Et
160 3073 260 3136 domus
275 3074 357 3137 exilis
368 3075 509 3137 Plutonia:
526 3095 581 3156 quo
594 3077 675 3136 simul
686 3077 800 3151 uncatis,

136 3157 213 3220 Nec
223 3178 311 3238 regna
321 3162 378 3220 vini
389 3163 508 3220 sortiere
520 3161 594 3236 talis,

108 3241 174 3305 Nec
183 3252 311 3312 tenerum
323 3241 446 3325 Ql‘lbll
456 3246 605 3343 mirabere,
617 3261 673 3322 quo
689 3242 763 3302 calet
773 3243 902 3300 iuuentus

150 3324 233 3389 Nunc
246 3329 336 3388 omnus
349 3336 378 3387 et
388 3344 455 3387 mox
464 3347 589 3406 virgines
603 3327 740 3404 tepebunt
966 3321 1006 3382 20

454 3452 590 3459 --.--
