2266 3878
180 281 312 353 ιιι»
433 334 438 345 .
560 282 775 343 ssurmnuu
1017 289 1080 364 [stc

131 440 133 451 '
199 436 240 501 40
261 435 355 515 Atque
369 437 440 496 baec
451 453 528 509 rara,
546 434 625 493 cadat
640 433 707 493 dura
720 437 792 493 inter
802 451 890 511 saepe
902 436 1018 512 pericla.

262 518 314 578 llic
327 537 359 577 se
371 520 555 597 praecipitem
569 526 646 576 teoto
658 517 748 592 dedit,
761 518 809 577 ille
823 517 945 595 flagellis
1021 558 1023 562 ,

261 601 306 662 Ad
316 613 433 663 mortem
445 620 563 678 caesus,
577 601 688 679 fugiens
700 602 746 660 bic
757 601 966 662 deciditserem

262 684 435 746 Praedonum
460 688 488 744 in
515 684 636 761 turbam,
672 685 749 744 dedit
777 685 823 744 hic
850 702 902 762 pro
930 702 1053 769 corpore

795 786 956 846 nummos„

261 851 341 912 llunc
353 855 559 931 perminxerunt
574 851 704 930 calonem
720 854 786 929 quin
797 854 879 912 etiam
890 853 960 913 illud

198 934 237 999 45
260 936 386 1010 Accidit,
403 944 433 995 ut
448 935 559 1014 quidam
571 944 662 994 testes
674 936 846 1014 caudamque
857 937 981 998 salacem

260 1019 424 1079 Demeteret
434 1019 551 1093 ferro
555 1017 655 1093 ,(Ιιιιιιί
666 1036 778 1088 omnes;
791 1019 877 1081 Galba
887 1021 1020 1099 negabat

260 1102 359 1163 Tutior
374 1111 403 1162 at
420 1111 550 1185 quanto
536 1063 614 1160 dnern
625 1105 693 1162 est
685 1122 713 1162 ιιι
724 1103 817 1163 classe
828 1105 1005 1180 secunda,-

259 1184 460 1247 Libertinarum
472 1173 552 1260 dico,
568 1184 735 1245 Sallustius
727 1206 754 1245 ιιι
767 1205 844 1266 quas

260 1268 324 1329 Non
341 1272 431 1328 minus
442 1270 544 1328 insanit
558 1286 640 1346 quam
652 1289 699 1348 qur
692 1272 883 1330 moechatur
904 1271 1040 1334 Atbic
1016 1277 1051 1352 sr',

197 1351 238 1413 50
260 1351 326 1424 Qua
332 1371 380 1412 res
387 1370 466 1431 qua
476 1355 546 1412 rutro
559 1353 707 1429 suaderet,
728 1372 840 1432 quaque
854 1354 984 1417 modeste

258 1434 391 1496 lllunilico
404 1454 469 1495 esse
480 1435 563 1512 licet,
576 1437 663 1497 vellet
673 1398 764 1497 bdnus
776 1447 859 1516 atque
870 1437 1011 1518 benignus

259 1517 352 1595 Esse,
370 1519 448 1579 daret
460 1481 590 1597 quantdm
603 1524 670 1579 sutis
682 1529 776 1597 esset,
792 1539 846 1579 nec
858 1522 920 1586 sibi
929 1523 1028 1583 damno

257 1602 457 1681 Dedecorrquc
468 1603 552 1662 foret
571 1603 675 1663 Verum
686 1605 741 1664 hoc
753 1622 784 1662 se
795 1604 972 1687 amplectitur
982 1622 1048 1684 nno

257 1686 320 1747 llos
331 1697 410 1747 amat
416 1697 444 1746 et
456 1686 580 1762 iaudat„
583 1686 747 1762 ,blutronam
758 1686 860 1746 nullum
870 1706 927 1765 ego
938 1698 1041 1768 tango:
1034 1693 1064 1728 ·“

195 1769 235 1830 55
257 1770 294 1829 Ut
308 1771 448 1848 quondam
458 1769 613 1845 Marsaeus,
627 1780 733 1830 amator
744 1769 865 1849 Originis
879 1771 938 1848 ille,

259 1853 314 1926 Qui
327 1856 444 1930 putrium
457 1855 556 1913 mimae
569 1853 652 1913 donat
664 1854 834 1933 fundumque
845 1816 1011 1935 Larcnlqne,

258 1936 328 2013 „Nil
349 1937 432 1995 luerit
455 1938 522 1994 mi“
543 1938 632 2013 inquit
656 1955 749 2013 „cunr
773 1938 907 1997 uxoribus
928 1958 1049 2018 unquam

797 2020 930 2080 alienis.“

172 2086 179 2103 l
256 2101 360 2161 Verum
375 2110 418 2161 est
431 2119 493 2160 cum
504 2103 609 2174 mimis,
628 2112 671 2161 est
683 2121 745 2162 cum
756 2105 961 2182 meretricibus,
973 2107 1049 2166 unda

256 2184 340 2245 Fama
363 2185 464 2246 malurn
485 2188 598 2264 gravius
621 2205 702 2264 quam
726 2206 773 2247 res
797 2189 888 2247 trahit.
931 2188 976 2248 An
996 2182 1047 2250 tibi

820 2271 930 2332 abunde

194 2356 236 2415 60
256 2353 410 2414 Personam
421 2355 489 2414 satis
501 2363 556 2431 est,
568 2372 624 2414 non
634 2353 713 2429 illud,
726 2354 861 2432 quidquid
874 2355 981 2434 ubique

257 2435 361 2513 Oilicit,
379 2436 505 2504 evitare?
517 2438 622 2499 Bonam
634 2437 791 2516 deperdere
802 2438 912 2515 famam,

255 2520 327 2580 llem
338 2522 424 2597 patris
439 2522 591 2598 oblimare,
602 2523 710 2583 malum
725 2529 769 2581 est
783 2523 953 2601 ubicunque.
972 2521 1048 2596 Quid

838 2607 928 2666 inter·

133 2682 138 2689 ’
256 2691 339 2750 estin
353 2698 492 2765 matrona,
510 2690 610 2752 ancilla
622 2708 763 2770 peccesne
774 2687 892 2768 togata?

253 2771 374 2833 Villius
366 2793 394 2833 ιιι
404 2734 506 2834 Fauslu
518 2774 612 2835 Sullae
623 2793 722 2853 gener,
734 2774 790 2833 boc
801 2776 888 2833 miser
896 2791 952 2833 uno

191 2857 230 2917 65
253 2855 372 2916 Nomine
384 2855 532 2943 deceptus,
544 2875 652 2935 poenas
664 2858 841 2934 deditusque
853 2874 998 2936 superque

255 2938 345 3012 Quam
362 2928 429 3000 sdtis
441 2949 486 2999 est
494 2944 622 3017 ,pugnis
639 2959 738 3000 caesus
750 2941 884 3019 ferroque
896 2943 1012 3020 petitus,

252 3021 397 3085 Exclusus
406 3023 488 3098 iore
502 3041 564 3082 cum
578 3022 761 3101 Longarenus
772 3025 865 3084 foret
857 3033 942 3086 intus

252 3104 362 3167 lluic'
338 3126 362 3166 ει
375 3107 496 3166 mutonis
507 3107 602 3166 vorbis
613 3107 684 3167 mala
695 3117 768 3168 tanta
777 3108 899 3168 videntis

251 3187 371 3252 Diceret
382 3190 454 3251 bace
476 3190 592 3250 animus.
625 3189 724 3267 „Quid
745 3194 789 3251 vis
807 3190 881 3253 tihi?
902 3191 1045 3273 Numquid

843 3285 928 3336 cate

187 3349 232 3414 to
251 3352 379 3435 „llsgno
392 3358 558 3438 prognatum
573 3357 702 3439 deposco
715 3294 963 3421 consuldcunnum
