2266 3878
96 368 101 388 Ι
124 275 191 342 188-
505 280 722 342 summanum
974 225 1091 361 [sacal

207 432 253 495 Nil
265 435 320 493 nisi
331 433 396 494 lene
407 434 504 495 decet·
515 434 572 506 leni
583 434 749 512 praecordia
760 435 852 494 mulsc

206 517 349 578 Prclueris
362 517 473 578 melius.
496 519 527 578 Si
542 519 610 578 dura
620 518 774 579 morabitur
784 518 875 595 alvus,
930 536 937 543 ·

206 600 319 662 blitulus
335 610 364 662 et
373 601 446 662 viles
457 601 564 681 pellent
575 603 714 663 obstantia
726 603 853 667 conchae

205 684 243 745 Et
252 685 357 763 lapathi
367 678 463 746 brevis
475 687 577 761 herba,
595 685 648 745 sed
658 686 723 746 albo
734 703 790 746 non
802 687 864 746 sine
875 682 951 748 Gcc.

143 770 185 834 30
205 768 325 830 lubrica
335 779 486 830 nascentes
497 769 615 848 implent
626 752 775 846 ccncllylia
786 769 884 840 lunae;

205 853 263 912 Sed
276 871 333 913 non
345 871 428 913 omne
439 871 515 914 mare
528 862 572 913 est
582 871 742 930 generosae
753 852 847 913 fertile
859 862 964 915 testae:

204 935 312 996 Murice
326 937 431 997 Raianc
443 937 545 998 melior
556 937 674 997 Lucrina
690 936 808 1015 peloris,

205 1019 306 1081 Ostrea
321 1018 458 1098 Circeiis,
475 1020 586 1081 Miseno
603 1023 728 1087 criuntur
742 1021 844 1096 echini,

203 1103 364 1164 Pectinibus
376 1103 479 1182 patulis
491 1107 575 1165 iactat
586 1123 619 1164 se
630 1104 715 1164 molle
727 1103 887 1165 Tarentum.

140 1184 181 1248 35
203 1187 266 1248 Nec
278 1189 332 1247 sibi
350 1205 502 1271 coenarum
517 1191 610 1266 quivis
624 1197 732 1248 temere
742 1186 857 1267 arroget
870 1197 970 1269 ιιιιιιι,
1007 1214 1010 1223 f

203 1271 268 1331 Ncn
284 1273 361 1350 prins
372 1282 470 1332 exacta
484 1275 561 1332 tenui
572 1274 681 1332 ratione
692 1290 833 1351 saporum.

203 1354 266 1415 Nec
277 1357 346 1415 satis
358 1364 419 1432 cst,
437 1374 501 1417 cara
515 1359 612 1435 pisces
622 1375 754 1418 averrere
768 1374 865 1416 mensa

203 1436 348 1516 Ignarum
362 1441 465 1538 quibus
477 1443 577 1500 estius
589 1443 681 1519 aptius
693 1449 723 1499 et
734 1441 835 1540 quibus
849 1442 924 1500 assis
1038 1460 1044 1467 ·

130 1588 132 1592 ,
202 1520 382 1601 Languidus
374 1542 402 1583 m
414 1525 558 1584 cubitum
550 1543 604 1584 iam
615 1542 648 1584 se
661 1527 779 1584 conviva
790 1535 921 1601 reponet.

139 1600 181 1665 40
201 1605 307 1667 Umber
323 1616 352 1667 ct
365 1607 452 1686 iligna
462 1610 582 1668 nutritus
594 1608 698 1687 glande
709 1608 843 1667 rotundas
951 1686 954 1690 A

203 1688 308 1750 Currat
318 1708 389 1769 aper
401 1691 497 1752 lanccs
510 1711 622 1752 carnem
635 1695 747 1752 vitantis
761 1693 894 1751 inanem.

201 1772 273 1834 Nam
282 1773 406 1836 Laurens
415 1776 505 1836 malus
518 1786 576 1852 est,
596 1776 669 1834 ulvis
689 1785 717 1835 ct
731 1775 865 1835 arundine
878 1776 1003 1854 pinguis.

201 1858 290 1919 Vinea
302 1860 440 1933 submittit
450 1877 570 1938 capreas
580 1875 637 1919 ncn
648 1876 763 1936 semper
774 1858 884 1918 cdulcs.
979 1890 984 1894 ·

200 1941 353 2003 Fecundae
363 1943 473 2021 leporis
486 1944 601 2022 sapiens
614 1943 884 2006 sectabitnranncs.

137 1992 178 2088 ‘ld
200 2025 329 2085 Piscibus
343 2035 429 2104 atquc
440 2028 539 2087 avibus
554 2045 628 2106 quae
644 2035 741 2086 natura
752 2035 780 2087 et
791 2027 868 2086 lcret
880 2035 970 2104 actas,

199 2108 274 2168 Antc
288 2127 382 2169 meum
395 2110 464 2170 nulli
477 2113 565 2187 patuit
577 2113 703 2188 quaesita
715 2110 846 2189 palatum.

201 2192 271 2252 Sunt
282 2209 401 2272 quorum
413 2196 557 2272 ingenium
565 2212 638 2255 nova
649 2203 754 2254 lantum
765 2193 889 2254 crustula
901 2197 1017 2272 promit.

200 2275 385 2377 Nequaquam
396 2281 486 2338 satis'
477 2297 505 2338 m
516 2298 548 2338 re
562 2297 616 2339 una
631 2296 797 2338 consumere
813 2296 918 2354 curam,

198 2361 272 2421 Utar
285 2365 348 2439 quis
364 2362 538 2439 sclumbcc
551 2362 670 2422 malane
683 2363 830 2439 suntuna
844 2360 967 2439 laboret,
1060 2426 1064 2435 ,

136 2442 178 2508 50
201 2442 284 2517 Quali
297 2443 445 2524 perfundat
457 2464 554 2525 pisces
567 2464 686 2505 securus
699 2445 785 2504 clivo.
1066 2444 1068 2449 ’

199 2527 360 2589 Massica
336 2548 360 2589 si
377 2529 460 2589 ccelc
473 2548 617 2630 supponas
628 2533 693 2589 vina
704 2545 807 2589 sereno

199 2611 361 2689 Nocturna,
381 2614 486 2692 siquid
498 2617 587 2674 crassi
600 2623 660 2690 cst,
671 2613 832 2673 tenuabitur
842 2631 920 2690 aura,
935 2665 937 2669 ,

198 2695 235 2755 Ει
247 2695 368 2756 decedet
383 2697 455 2758 cdcr
464 2701 560 2758 nervis
572 2699 715 2765 inimicum
727 2695 813 2757 atille

199 2779 342 2858 Integrum
353 2782 473 2859 perdunt
483 2782 542 2842 linc
553 2784 650 2841 vitiata
662 2798 803 2858 saporem.

135 2864 174 2929 55
198 2864 361 2924 Surrentina
370 2867 451 2925 valer
463 2869 511 2944 qui
523 2869 624 2925 miscet
635 2865 717 2924 faece
729 2863 847 2923 Falerna

195 2947 283 3024 Vina,
301 2948 461 3009 columbino
474 2949 569 3009 limum
580 2951 654 3009 bene
670 2947 781 3026 colligit
796 2964 863 3024 ovo,

199 3029 344 3104 Quatenus
356 3035 410 3092 ima
423 3035 494 3110 petit
503 3032 623 3092 volvens
639 3031 729 3092 aliena
739 3031 864 3091 vitellus.

177 3131 179 3135 ·
198 3113 293 3176 Testis
304 3124 475 3176 marcentem
489 3115 600 3194 squillis
611 3117 756 3175 recreabis
770 3125 798 3175 et
809 3116 877 3176 Aina

198 3195 333 3259 Pctcrem
348 3198 480 3260 cccblea:
497 3217 561 3259 nam
571 3198 682 3260 lactuca
692 3201 796 3259 innatat
807 3201 865 3260 acri

135 3291 175 3350 60
197 3283 265 3343 Post
275 3285 370 3343 vinum
381 3284 544 3353 stomachc;
569 3300 657 3362 perna
676 3285 766 3360 magis
777 3302 811 3343 ac
821 3283 913 3361 magis
923 3282 1000 3342 billis

196 3366 477 3446 Flagitatinmcrsus
488 3367 584 3445 refici,
602 3369 669 3446 quin
680 3369 771 3427 omnia
782 3367 872 3444 malit,
