2266 3878
43 290 88 343 tat.
100 291 123 346 1.
134 288 171 355 a]
258 277 264 292 ⁴
413 282 524 344 Llltlilt
539 283 576 345 11.
915 280 977 348 lta

98 433 216 495 Incutiat
226 435 276 494 tibi
288 434 355 511 quid
366 444 522 495 sanctarum
534 436 644 495 inscitia
654 433 764 512 legum:

99 519 128 578 si
139 517 211 578 mala
222 517 379 578 condiderit
389 521 417 578 iu
437 538 520 597 quem
535 521 599 597 quis
610 520 749 593 carmina,
762 518 806 577 ius
821 526 866 577 est

91 600 300 680 ludiciumque.
322 600 428 665 Horat.
442 602 529 680 Esto,
543 605 568 662 si
583 604 646 680 quis
658 600 742 670 mala;
754 600 806 660 sed
816 600 889 662 bona

97 767 193 829 ludice
205 767 362 829 condiderit
373 767 499 829 laudatus
515 702 771 846 Gaesddeduslisquis

98 852 265 931 Opprobriis
276 853 389 930 dignum
400 852 556 928 latraverit,
572 855 685 929 integer
696 848 781 928 ipse?
931 854 972 916 85

100 934 220 998 Trebel.
242 936 394 997 Solventur
403 939 459 997 risu
471 936 600 1013 tabulae,
612 944 642 994 tu
653 935 754 994 missus
766 933 866 994 abibis.
1004 933 1009 947 ’

414 1097 570 1106 ---·

366 1234 552 1294 §mma
566 1237 621 1294 11.
705 1228 709 1233 ¹

96 1349 175 1424 Quae
188 1350 277 1409 virtus
292 1357 322 1408 et
332 1357 450 1427 quanta,
462 1348 548 1423 honi,
561 1350 597 1407 sit
609 1350 707 1410 vivere
718 1364 816 1426 parvo,
829 1382 843 1410 -,

93 1433 241 1494 Necmeus
252 1433 299 1492 hic
311 1448 404 1491 sermo
417 1431 530 1504 est,sed
542 1449 615 1509 quae
627 1433 773 1510 praecepit
784 1429 895 1492 Ofellus

93 1517 243 1593 Rusticus,
259 1516 400 1576 abnormis
411 1517 525 1593 sapiens
536 1532 689 1594 crassaque
700 1514 860 1592 Minerva,-

92 1601 202 1661 Discitc
213 1618 269 1661 non
280 1603 354 1660 inter
364 1599 461 1659 lauces
473 1616 641 1676 mensasque
651 1600 785 1674 nitentes,

94 1683 164 1746 Cum
176 1694 272 1762 stupet
285 1684 389 1743 insanis
401 1684 479 1743 acies
491 1681 690 1760 fulgoribuset
706 1699 769 1742 cum
949 1683 968 1743 5

93 1767 219 1829 declinis
230 1767 310 1829 lalcis
321 1768 428 1828 animus
443 1765 560 1826 meliora
571 1774 694 1843 recusat,

92 1851 197 1913 Verum
210 1852 258 1912 hic
269 1852 401 1929 impransi
412 1868 521 1910 mecum
533 1850 690 1929 disquirite.
713 1847 771 1910 Cur
780 1846 857 1909 hoe?

92 1935 207 2011 Dicam,
221 1937 246 1995 si
260 1944 372 2014 potero.
394 1933 469 1995 llale
480 1952 578 1993 verum
591 1935 727 1994 examinat
739 1933 828 1993 omnis

93 2017 353 2098 Gomnptasiudex.
375 2018 515 2097 Leporem
525 2027 649 2078 sectatus
663 2035 775 2095 equore

91 2102 195 2164 lassus
206 2103 241 2163 ab
256 2102 407 2178 indomito,
420 2102 484 2178 vel,
497 2104 521 2162 si
532 2102 657 2163 Romana
668 2102 767 2180 fatigat
928 2102 969 2164 10

91 2185 190 2248 llilitia
201 2186 348 2247 adsuetum
358 2188 501 2265 graecari,
518 2204 571 2245 seu
583 2184 735 2264 pilavelox

91 2269 214 2331 Molliter
226 2278 368 2330 austerum
379 2268 471 2329 studio
484 2268 599 2329 fallente
610 2269 736 2328 lahorem

91 2354 149 2414 Seu
162 2363 192 2414 te
204 2354 300 2414 discus
312 2355 387 2431 agit,
400 2361 467 2431 pete
480 2351 629 2427 cedentem
639 2359 706 2412 aera
720 2349 816 2410 disco:

92 2435 162 2498 (lum
172 2438 254 2499 labor
263 2437 404 2498 extuderit
415 2432 541 2504 lastidia;
552 2438 663 2510 siccus,
675 2435 765 2494 inanis

91 2522 201 2599 Sperne
212 2521 306 2582 cibum
316 2520 417 2597 vilem,
430 2521 484 2579 nisi
494 2518 635 2594 Hymettia
648 2517 732 2578 mella
741 2516 862 2578 Falerno
927 2520 966 2582 15

90 2604 135 2665 Ne
149 2598 370 2666 bmcnedilutaJ
386 2603 469 2664 Foris
480 2611 524 2662 est
536 2619 666 2681 promus,
680 2608 709 2661 et
722 2610 811 2661 atrum

89 2687 254 2749 Defendens
265 2691 362 2766 pisces
372 2689 475 2762 hiemat
486 2705 576 2746 mare:
591 2704 653 2747 cum
665 2684 726 2745 sale
736 2686 816 2763 panis

89 2770 246 2832 latrantem
257 2773 430 2833 stomachum
440 2771 513 2830 bene
525 2770 622 2830 leniet.
643 2768 724 2830 Unde
736 2777 817 2846 putas
827 2777 875 2830 aul

91 2854 146 2928 Qui
161 2852 291 2935 partum?
305 2855 369 2916 Non
381 2858 410 2915 in
425 2872 491 2914 caro
504 2854 603 2935 nidore
616 2853 748 2931 voluptas

91 2939 218 3017 Summa,
231 2939 283 2999 scd
294 2941 322 2998 in
332 2948 362 2999 tc
373 2942 438 3018 ipso
453 2949 506 2999 est.
529 2938 571 2998 Tu
584 2938 766 3017 pulmentaria
778 2954 885 3015 quaere
926 2939 968 3002 20

91 3022 237 3085 Sudaudo:
253 3026 385 3101 pinguem
397 3025 472 3083 vitiis
482 3022 633 3101 albumque
648 3040 741 3101 neque
753 3030 848 3082 ostrea

90 3104 151 3167 llec
163 3125 261 3167 scarus
272 3115 318 3168 aut
329 3109 432 3184 poterit
443 3108 593 3184 peregriua
604 3108 701 3166 iuvare
713 3104 816 3183 lagois.

88 3189 143 3250 Vix
154 3200 248 3251 amen
260 3193 391 3268 eripiam,
404 3192 498 3268 posito
510 3207 622 3268 parone
631 3188 703 3249 velis
716 3189 782 3267 quin
827 3237 836 3254 ,

89 3270 151 3333 lloc
163 3278 259 3352 potius
272 3293 354 3353 quam
364 3274 469 3352 gallina
481 3283 596 3352 tergere
608 3272 740 3351 palatum,
759 3303 760 3306 ¹
799 3328 804 3343 ,
872 3332 877 3349 ι

91 3354 246 3436 Corruptus
257 3360 336 3419 ranis
351 3377 461 3434 rerum,
478 3359 544 3435 quia
554 3364 657 3417 veneat
667 3371 735 3416 auro
926 3354 966 3418 26
1006 3366 1025 3450 ι’

970 3468 1021 3640 d
