2266 3878
89 295 150 361 rra
252 272 262 289 ⁴

466 336 469 341 -
496 294 651 358 EPODON

486 468 584 523 olm
615 468 658 525 V.

327 585 366 637 lN
383 584 560 638 CANlDIAM
580 584 803 643 VENEFICAM.

123 791 127 797 ³
237 677 312 782 ‚‚bt‚
332 705 479 775 odacrum
492 704 628 784 quidquid
642 707 671 765 in
686 706 770 766 coelo
784 709 860 786 regit

290 786 415 865 „Terras
427 796 458 847 et
467 788 614 847 humanum
626 807 728 867 genus,
758 823 764 838 =

238 870 338 951 „Quid
350 874 405 932 iste
416 870 472 930 lert
482 871 630 948 tumultus,
647 874 755 952 etquid
766 879 886 937 omnium

288 956 551 1032 „Vultusinunum
567 974 611 1014 me
622 956 739 1017 truces?
834 968 838 973 “

239 1039 319 1116 „Per
333 1038 440 1099 liberos
451 1047 499 1113 te,
512 1040 535 1097 si
546 1048 648 1099 vocata
659 1043 794 1119 partubus

288 1122 417 1200 „bucina
427 1123 503 1182 voris
514 1123 601 1198 affuit,

240 1206 318 1284 „Per
331 1207 386 1266 boc
398 1208 479 1265 inane
491 1222 632 1284 purpurae
642 1207 730 1268 decus
745 1227 858 1287 precor,

290 1289 368 1368 „Per
377 1289 594 1369 improbaturum
608 1292 679 1351 baec
695 1290 802 1368 lovem,

240 1372 341 1452 „Quid
355 1381 386 1433 ut
395 1390 518 1433 noverca
533 1392 578 1433 me
593 1377 709 1434 intueris
719 1385 768 1456 aut
779 1379 820 1437 uli

292 1457 405 1535 „Petita
420 1457 499 1529 lerro'
513 1455 626 1516 bellua?
635 1461 656 1493 “

240 1541 278 1602 Ut
287 1543 358 1602 baec
370 1544 498 1601 trementi
512 1551 628 1620 questus
641 1558 691 1601 ore
705 1545 830 1605 constitit

290 1624 449 1704 Insignibus
463 1627 551 1703 raptis
566 1642 646 1702 puer,

240 1709 358 1788 impube
369 1726 489 1786 corpus,
503 1709 586 1787 quale
599 1719 699 1787 posset
710 1712 794 1790 inrpia

289 1792 401 1853 llollire
411 1792 548 1853 Thracum
563 1802 696 1870 pectora;

242 1875 371 1953 Canidia,
384 1876 519 1936 brevibus
534 1877 675 1956 implicata
688 1879 796 1957 viperis

294 1960 393 2022 Grines
407 1969 436 2018 et
447 1962 597 2019 incomtum
612 1969 706 2038 caput,

240 2044 322 2105 lubet
332 2044 471 2122 sepulcris
488 2045 636 2121 caprificos
652 2041 754 2122 erutas,

290 2127 372 2188 lubet
385 2144 539 2204 cupressus
551 2128 683 2188 funebres

238 2212 276 2274 Et
293 2221 376 2272 uncta
387 2213 476 2290 turpis
492 2229 545 2271 ova
555 2230 640 2287 ranae
652 2213 787 2290 sanguine

292 2295 474 2373 Plumamque
488 2305 641 2355 nocturnae
655 2297 750 2373 strigis
766 2344 773 2364 s

239 2380 421 2458 Herbasque,
435 2398 504 2458 quas
515 2378 612 2439 Iolcos
624 2389 709 2459 atquc
722 2379 839 2444 Hiberia

288 2462 372 2524 bliaut
386 2481 559 2523 venenorum
573 2463 663 2539 ferax,
774 2482 777 2490 ·

238 2547 276 2608 El
291 2565 358 2608 ossa
369 2548 403 2606 ab
415 2564 465 2607 ore
475 2557 555 2626 rapta
565 2549 676 2607 ieiunae
689 2549 766 2607 canis

291 2630 422 2691 Flammis
436 2630 513 2691 aduri
526 2629 680 2691 Colchicis.
760 2633 762 2637 ’

238 2715 276 2774 Aa
290 2713 421 2793 expedita
434 2714 559 2792 Sagana,
573 2731 626 2792 per
635 2722 721 2773 totam
733 2712 846 2777 domum

289 2798 433 2876 spargens
448 2797 603 2859 Avernales
614 2815 723 2879 aquas„

238 2879 340 2941 Horret
351 2881 461 2961 capillis
472 2891 502 2940 ut
512 2884 633 2941 marinus
648 2882 757 2960 asperis

290 2964 415 3024 Ecbinus
425 2972 473 3024 aut
484 2982 599 3024 currens
614 2981 693 3044 aper.
765 2997 769 3006 ·

239 3047 345 3108 Abacta
363 3046 438 3106 nulla
451 3047 522 3107 Veia
535 3051 709 3109 conscientia

291 3129 444 3209 ligonibus
456 3129 532 3189 (luris
546 3131 657 3191 humum

236 3214 443 3290 Exhauricbat‚
461 3216 608 3291 ingemens
618 3214 773 3291 laboribus,

291 3297 355 3372 Quo
368 3305 467 3377 posset
478 3296 604 3357 infossus
617 3315 687 3374 puer
712 3294 718 3379 J

237 3379 336 3461 Longo
350 3382 396 3443 (lie
407 3381 451 3442 bis
468 3390 568 3459 terque
581 3389 702 3440 mutatae
715 3379 795 3459 dapis
