2266 3878
150 295 173 359 4
521 266 719 355 omninum
990 294 1054 370 [on.
1067 297 1107 375 n]

300 446 403 514 'l'ollat;
422 444 468 505 hio
478 463 596 523 magnos
608 448 702 522 potius
718 445 883 523 triumphos,

153 534 194 596 50
302 531 356 592 llio
369 547 446 590 ames
460 528 516 589 diei
531 539 611 607 pater
625 537 709 606 atque
721 531 865 607 princeps,

304 614 367 675 Neu
379 610 454 673 sinas
464 611 566 672 lledos
578 615 703 690 equitare
714 612 828 687 inultos,

373 695 414 756 'l'e
427 697 511 772 duee,
528 693 643 774 Caesar.

536 963 636 1020 (blm
649 962 724 1018 111.

233 1084 279 1138 so
294 1082 423 1136 navum
438 1080 590 1135 vrnerun
602 1079 771 1133 annonas
784 1053 1028 1136 anonnonunn

302 1194 351 1254 Sio
365 1201 394 1252 te
406 1191 470 1252 diva
480 1200 581 1271 potens
594 1189 692 1269 Cypri,

345 1275 394 1335 Sio
407 1275 508 1335 iratres
520 1273 657 1350 Helenae,
672 1274 765 1334 lueida
779 1276 882 1352 sidera,

303 1358 513 1436 Ventorumque
524 1367 604 1435 regat
616 1367 694 1436 pater

340 1440 490 1502 obstrictis
501 1441 563 1501 aliis
575 1450 687 1519 praeter
703 1439 842 1519 Iipyga„

302 1524 400 1601 Navis,
413 1532 485 1604 quae
498 1526 549 1584 tibi
560 1524 694 1585 creditum

343 1607 441 1670 Debes
455 1607 602 1688 Virgilium
616 1610 716 1668 linibus
729 1608 845 1668 Atticis:
891 1676 896 1687 „

300 1689 414 1762 Reddas
424 1693 603 1767 ineolumem,
619 1707 732 1768 precor,
763 1724 766 1731 ·
811 1705 813 1711 ⁸
907 1728 911 1741 ·

342 1773 380 1834 Et
394 1786 492 1833 serves
504 1775 611 1834 animae
622 1771 764 1831 dimidium
780 1782 881 1831 meaos

302 1856 347 1919 llli
359 1855 446 1915 robur
457 1864 486 1915 et
496 1872 546 1915 aes
556 1848 661 1932 triplex

342 1934 425 1998 (liroa
436 1946 536 2016 peetus
547 1946 616 2013 erat,
632 1937 679 2015 qui
690 1937 818 2015 fragilem
832 1939 904 1997 truoi

225 2050 243 2061 ·>
301 2019 447 2085 Commisit
457 2021 561 2099 pelago
572 2029 660 2080 ratem

342 2103 460 2183 Primus,
472 2121 526 2164 nee
535 2104 626 2163 timuit
636 2102 819 2181 praeeipitem
829 2103 954 2166 Airioum

180 2232 182 2237 s
300 2185 497 2251 Revertentem
507 2186 706 2265 Aquilonibus,

192 2341 198 2348 q
341 2269 903 2347 Neotristesllyadas,neorabiemNoti,

303 2354 366 2429 Quo
378 2371 435 2415 non
446 2354 550 2416 arbiter
559 2353 678 2414 Hadriae

341 2436 442 2515 Maior,
454 2436 555 2497 tollere
567 2455 618 2497 seu
633 2454 740 2514 ponere
752 2437 811 2497 nult
822 2438 904 2497 freta

301 2520 392 2594 Quem
405 2522 502 2581 mortis
517 2521 606 2579 timuit
615 2520 741 2598 gradum,
990 2587 994 2593 ,

343 2602 398 2677 Qui
414 2604 499 2663 sioois
514 2602 605 2663 oeulis
616 2611 739 2662 monstra
748 2603 879 2676 natantia,
935 2596 944 2605 “
1039 2633 1042 2641 .

302 2686 357 2761 Qui
367 2686 437 2747 vidit
446 2705 522 2748 mare
532 2685 671 2763 turgidum
683 2692 711 2741 et

315 2792 317 2796 ’
341 2766 463 2831 lniames
478 2767 625 2846 scopulos,
642 2763 870 2827 Acroceraunia?

202 2870 208 2877 ·
299 2851 493 2933 Nequidquam
506 2851 575 2909 deus
587 2849 706 2909 abscidit

339 2934 463 2995 Prudens
477 2933 590 2994 Oceano
602 2931 774 2994 dissociabili

300 3017 413 3093 Terras,
430 3019 454 3076 si
467 3026 558 3076 tamen
571 3016 673 3094 impiae
869 3017 872 3023 '

340 3100 404 3161 Nou
415 3097 554 3178 tangenda
570 3108 644 3159 ratos
657 3101 813 3162 transiliunt
821 3103 901 3163 vada.

298 3183 622 3259 domomum-perpeti

343 3264 419 3327 Gens
428 3267 545 3326 humana
554 3267 609 3325 ruit
622 3270 800 3344 perventum
811 3270 901 3329 nefas.

222 3381 225 3391 =
300 3349 400 3411 Audax
412 3347 503 3428 lupen·
517 3367 607 3426 genus
