2266 3878
71 283 92 363 .]
376 279 542 349 susan.

69 435 100 496 'bi
114 437 164 514 qui
175 439 338 515 imperitas,
352 437 398 497 alii
410 441 500 499 servis
513 442 600 500 miser
613 451 697 522 atque

69 521 107 596 is,
120 529 150 578 ut
164 523 259 580 nervis
270 521 369 581 alienis
380 523 486 582 mobile
500 524 615 602 lignum.

69 621 104 662 nu
115 602 302 681 igitur'liber?
313 606 443 683 Sapiens,
456 607 510 667 sibi
521 609 569 686 qui
580 609 760 687 imperiosus,

89 704 183 766 neque
212 690 364 767 pauperies
394 707 488 768 neque
514 709 589 750 mors
620 711 713 770 neque
734 690 844 754 vincula
895 770 900 783 ,

403 832 405 836 .
468 783 585 850 terrent,

68 872 151 913 nsare
167 854 359 932 cupidinibus,
377 866 556 917 contemnere
571 858 694 918 honores
874 856 924 919 85

69 987 71 1000 ,
85 945 112 996 et
123 938 151 996 iu
165 955 197 996 se
211 940 276 1015 ipso
287 947 374 1015 totus,
386 948 464 1000 teres
476 950 561 1020 atquc
573 942 719 1020 rotundus,

69 1023 81 1079 i
96 1038 133 1079 ne
148 1020 215 1098 quid
228 1022 320 1081 valeat
331 1022 458 1100 perleve
469 1027 581 1102 morari,

69 1122 93 1162 m
108 1122 206 1164 manca
215 1107 270 1164 ruit
284 1124 397 1185 semper
408 1107 527 1168 fortuna.
550 1108 672 1169 Potesne

74 1196 104 1246 ut
116 1190 259 1265 proprium
272 1189 338 1267 quid
350 1187 491 1250 noscere?
514 1188 646 1273 Quinque
656 1191 759 1252 talenta

71 1278 100 1329 te
111 1270 221 1347 mulier,
237 1281 321 1331 vexat
331 1272 496 1352 foribusque
506 1275 650 1352 repulsum
758 1299 761 1313 ·
882 1277 924 1338 90

69 1353 228 1431 ingelida,
242 1374 338 1416 narsus
349 1366 448 1416 vocat:
460 1359 540 1435 eripe
554 1362 628 1436 turpi

69 1455 135 1515 ugo,
148 1437 264 1514 „Libum
277 1439 350 1498 luber
360 1443 457 1516 sum,“
469 1439 514 1498 dic
526 1442 595 1517 ugo!
610 1441 673 1502 Non
685 1445 762 1521 quis:

69 1524 136 1580 enim
148 1521 275 1580 dominus
289 1532 410 1582 mentem
418 1540 475 1582 non
486 1522 557 1582 lenis
569 1533 598 1584 ot
608 1543 690 1585 ueros

69 1613 107 1663 tat
118 1604 194 1664 lasso
205 1605 334 1666 stimulos
344 1615 496 1684 versatque
506 1615 666 1684 negantem.
795 1630 800 1637 ·

69 1707 88 1746 n
102 1687 237 1748 Pausiaca
250 1698 366 1767 torpes,
380 1692 494 1766 insane,
508 1689 621 1766 tabella,
879 1698 919 1758 95

69 1789 133 1831 ccas
144 1775 235 1832 minus
246 1781 331 1851 atque
343 1789 409 1852 ego,
423 1792 485 1832 curn
496 1773 576 1833 Fulvi
587 1772 771 1852 Rutubaeque

69 1849 197 1916 scideiani
212 1865 344 1916 contento
356 1857 466 1936 poplite
478 1859 565 1917 miror

79 1940 190 1999 rubrica
204 1942 278 2018 picta
293 1950 340 2001 aut
351 1942 486 2018 carbone,
502 1940 580 2001 velut
591 1943 616 2001 si

69 2041 81 2082 a
93 2033 233 2100 pugnent,
249 2024 349 2085 feriant
360 2029 505 2104 vitentque
518 2034 665 2086 moventes
727 2064 730 2079 ι

69 2103 128 2166 iri?
150 2107 278 2186 Nequam
290 2117 320 2167 et
331 2108 579 2180 cessatorDavus3
597 2112 700 2188 etipse

69 2209 74 2248 ι
88 2197 214 2249 veterum
224 2191 311 2250 iudex
321 2201 351 2252 et
365 2192 482 2252 callidus
495 2191 585 2252 audis.

69 2301 89 2350 ι,
103 2276 126 2332 si
139 2273 229 2333 ducor
239 2273 299 2333 libo
309 2275 446 2335 humente:
456 2276 507 2334 tibi
518 2277 619 2353 iugens

69 2366 149 2436 atque
161 2360 267 2417 animam
279 2361 377 2418 coenis
388 2367 538 2437 responsat
549 2355 671 2436 opimis?

69 2443 132 2500 rium
142 2445 248 2501 ventris
260 2443 326 2502 mihi
337 2443 525 2523 pumiciosius
537 2450 582 2501 cst
593 2438 665 2500 cur?

69 2524 177 2602 plector
188 2527 270 2584 enirn.
295 2525 350 2599 Qui
362 2536 392 2586 tu
402 2526 564 2605 impunitior
572 2523 630 2601 illu,

69 2625 140 2668 ¹arvo
152 2611 223 2668 sumi
234 2619 395 2688 nequeunt,
413 2611 531 2669 obsonia
543 2606 664 2686 captas?

75 2693 280 2753 inamarescunt
291 2692 394 2771 epulae
405 2695 467 2752 sine
479 2694 533 2751 {ine
545 2694 660 2770 petitas,

69 2793 91 2835 ze
105 2777 194 2853 pedes
205 2778 337 2837 vitiosum
347 2777 423 2836 ferre
436 2786 568 2836 recusant

69 2903 77 2917 .
98 2858 144 2919 An
157 2860 203 2921 hic
216 2869 328 2937 peccat,
340 2861 392 2919 sub
404 2869 516 2919 noctem
527 2862 575 2938 qui
585 2877 657 2938 puer
667 2876 748 2918 uuuu

77 2953 163 3002 mutat
178 2943 292 3020 strigili;
309 2945 357 3022 qui
369 2944 483 3022 praedia
493 2944 598 3020 vendit,

69 3026 116 3087 ule
127 3027 323 3104 gulaeparcns
334 3024 441 3087 babet?
460 3027 558 3104 uiue,
576 3026 735 3107 quodidem

69 3129 124 3171 ram
135 3119 229 3170 tecum
244 3129 310 3170 esse
321 3120 422 3190 potes,
434 3130 491 3172 non
502 3115 559 3172 otia
569 3121 649 3171 recte

69 3237 76 3271 ,
90 3204 177 3273 teque
191 3198 284 3273 ipsum
293 3197 366 3255 vitas
377 3196 511 3274 fugitivus
523 3205 553 3256 ot
564 3213 638 3270 eruo,

69 3295 84 3337 o
101 3296 255 3357 quaerens,
272 3283 326 3339 ism
336 3295 435 3340 somno
448 3280 545 3341 tallere
558 3297 664 3346 curam:

71 3379 157 3422 :nuru
170 3378 266 3424 carues
278 3371 336 3424 atra
348 3366 449 3441 premit
461 3360 798 3442 sequiturqueiuguuem.
835 3374 838 3379 ’
856 3357 914 3420 115
