2266 3878
277 180 280 185 ·
352 187 361 228 a

74 289 186 368 [Epist.
198 294 225 347 5.
235 289 272 366 6.]
353 346 357 351 ,
414 325 417 329 v
493 289 646 352 effluat

72 438 209 518 Invitus,
231 439 461 519 ucturpctoml,
484 434 520 502 ue
532 442 644 502 sordida
655 461 757 521 mappa

72 523 226 603 Corruget
236 541 335 602 nares,
358 542 394 582 uc
404 541 460 583 uon
472 535 501 584 et
513 527 660 586 cantharus
672 537 701 586 et
715 527 780 587 lanx

72 607 335 684 Ostendattibite,
358 607 679 671 uclidosiuteramieos
866 610 869 616 '

72 693 121 753 sit
134 693 185 772 qul
196 690 269 752 dicta
280 690 357 750 lotas
367 691 506 759 eliminet;
532 703 562 752 ut
574 701 658 754 cce'at
672 711 722 771 par
976 738 981 750 .
1003 699 1045 763 25

72 773 272 854 iungaturque
285 776 362 854 pari,
388 774 499 835 Butram
509 778 560 837 tihi
572 779 795 857 Septiciumque,

72 858 115 920 Et
126 862 184 920 uisi
197 876 286 919 coena
298 861 375 938 prior
386 861 537 939 potiorque
550 861 646 940 puella
657 861 789 922 Sabinum

72 941 213 1021 Detinet,
228 961 380 1011 assumam
402 943 484 1003 locus
496 954 540 1005 cst
551 955 580 1004 et
592 945 717 1024 pluribus
726 945 842 1023 umbris,

73 1027 139 1087 Sed
149 1028 233 1087 nimia
244 1035 302 1088 arta
314 1036 442 1104 premunt
453 1026 545 1090 olidae
557 1031 686 1090 convivia
699 1047 810 1108 caprae.

73 1109 138 1187 Tu,
154 1119 259 1190 quotus
271 1128 339 1170 esse
349 1111 439 1187 velis,
455 1114 599 1190 rescribe,
614 1123 644 1174 et
654 1114 739 1174 rebus
755 1116 868 1174 omissis
1002 1115 1045 1180 80

74 1194 158 1254 Atria
175 1202 333 1255 servantem
344 1197 458 1272 postico
470 1194 537 1256 ialle
548 1198 690 1258 clientem.

488 1371 633 1381 ——-.

232 1560 244 1570 δ
395 1462 725 1536 serueueram.

328 1587 396 1640 uu
438 1587 793 1645 Nummium

79 1699 126 1762 Nil
137 1701 266 1762 admirari
278 1715 369 1778 prope
380 1717 427 1760 res
439 1708 561 1777 estana,
578 1699 699 1776 Numici,

79 1786 222 1866 Solaque,
237 1801 310 1863 quae
323 1786 415 1863 possit
429 1783 525 1843 lacere
537 1793 567 1842 et
583 1802 698 1844 servare
713 1784 834 1846 beatum.

78 1869 159 1930 lluuc
171 1867 262 1929 solem
274 1877 303 1928 et
318 1866 416 1927 stellas
430 1876 459 1927 et
469 1866 635 1929 decedentia
650 1869 735 1928 certis

78 1953 220 2032 Tempora
230 1953 392 2029 momentis,
408 1962 488 2029 sunt,
509 1951 716 2030 qui-lormidine
729 1951 805 2013 nulla

78 2036 179 2098 Imbuti
192 2044 335 2115 spectent:
352 2036 419 2114 quid
431 2053 532 2095 censes
541 2055 658 2097 munera
668 2033 788 2097 terrae?
1022 2041 1040 2102 5

79 2121 154 2196 Quid
164 2121 248 2181 maris
260 2129 401 2180 extremos
412 2119 520 2180 Arabas
532 2121 643 2181 ditantis
655 2130 683 2181 et
694 2119 800 2181 ludos?

77 2203 196 2265 ludicra
207 2203 290 2283 quid,
305 2203 421 2283 plausus
432 2212 460 2262 et
471 2206 552 2263 amici
564 2203 637 2264 dona
648 2203 765 2276 Quiritis
776 2198 791 2258 ‘l

79 2289 142 2364 Quo
154 2286 308 2368 spectanda
318 2288 418 2364 modo,
434 2302 490 2366 quo
503 2304 588 2346 seusu
601 2286 693 2347 eredis
706 2296 735 2347 et
747 2284 819 2346 orel

79 2373 134 2446 Qui
143 2374 223 2434 timet
233 2372 278 2432 his
290 2370 426 2448 adversa,
442 2370 504 2430 lere
518 2372 631 2430 miratur
642 2368 755 2446 eodem,

80 2457 143 2530 Quo
157 2457 290 2535 cupiens,
310 2464 407 2533 pacto;
422 2472 510 2534 pavor
521 2463 565 2514 est
576 2454 725 2531 utrobique
736 2453 912 2532 molestus,··
1000 2457 1041 2520 10

78 2534 236 2620 improvisa
246 2539 328 2600 simul
341 2541 456 2618 species
469 2547 592 2598 exterret
603 2532 760 2615 utcumque.

80 2622 206 2685 Gaudeat
215 2642 250 2683 au
262 2622 373 2701 doleat,
388 2625 483 2700 cupiat
493 2630 649 2698 metuatne,
666 2620 733 2700 quid
743 2620 778 2682 ad
789 2606 860 2699 read,

80 2705 126 2781 Si,
142 2703 279 2782 quidquid
294 2703 367 2763 vidit
380 2704 478 2764 melius
491 2704 610 2781 peiusve
622 2723 674 2765 sua
688 2723 757 2785 spc,

79 2786 190 2848 Delixis
205 2785 293 2847 oculis
308 2787 458 2865 animoque
473 2796 501 2847 ct
516 2803 636 2865 corpore
655 2786 772 2868 torpeti

78 2869 172 2930 lusani
186 2871 299 2950 sapiens
312 2888 415 2931 nomeu
427 2870 515 2946 ierat,
534 2888 641 2949 aequus
656 2872 762 2951 iniqui,
816 2894 819 2904 “
1002 2871 1041 2934 15

80 2953 157 3014 llltra
173 2965 254 3032 quam
267 2955 334 3015 satis
350 2961 393 3013 est
407 2954 539 3014 virtutem
553 2956 578 3014 si
592 2962 671 3033 petat
686 2958 785 3036 ipsam.

79 3034 199 3114 lnuuc,
214 3046 362 3116 argentum
377 3045 406 3095 et
422 3055 541 3098 marmor
557 3047 637 3099 vetus
651 3058 772 3119 aeraque
788 3050 818 3102 et
831 3051 906 3104 artes

81 3121 218 3200 Suspice,
235 3139 296 3181 cum
311 3122 428 3200 gemmis
446 3121 547 3198 l'yrios
561 3124 664 3184 mirare
680 3124 808 3192 colores;

82 3204 178 3265 Gaude
197 3203 273 3284 quod
287 3213 417 3283 spectant
432 3206 505 3268 oculi
520 3214 549 3266 te
562 3206 637 3268 mille
652 3207 832 3287 loquentem

82 3287 192 3350 (lnavus
206 3305 288 3349 mane
304 3288 396 3348 lorum
410 3298 440 3349 et
458 3292 634 3370 vespertinus
648 3301 716 3372 pete
730 3298 854 3366 tectum,

82 3368 122 3432 lle
136 3372 199 3453 plus
216 3372 347 3433 frumeuti
362 3372 501 3437 dotalibus
518 3382 622 3435 emetat
636 3375 711 3452 agris
881 3452 897 3493 *
