2266 3878
51 300 71 352 1.
85 299 139 366 m]
415 293 525 353 amun
538 292 562 353 1.
878 247 881 255 ¹
928 287 968 352 15

129 443 318 505 Nereuslata.
340 444 718 522 „lllnlndueisavi,domum,
947 446 966 506 5

52 544 59 575 1
133 527 249 604 „Quam
260 527 348 588 multo
358 537 470 606 repetet
483 525 601 587 Graecia
614 527 712 603 milite,

134 609 310 688 „Coniurata
322 621 384 671 tuas
399 628 531 689 rumpere
542 613 654 688 nuptias

210 694 271 771 „Et
281 712 400 772 regnum
411 691 511 754 Priami
522 704 615 754 votus.

132 817 218 895 „ileu
228 817 284 878 heu
297 802 416 897 quantus
428 820 520 897 equis,
535 827 654 897 quantus
669 816 750 877 adest
759 818 827 878 viris

131 901 263 978 „Sudorl
280 910 382 981 quanta
394 919 493 973 moves
504 902 602 961 funera
616 900 764 963 Dardanae
928 903 967 965 10

131 983 251 1062 „Gentil
265 983 323 1045 lam
334 983 444 1063 galeam
454 983 545 1044 Pallas
557 993 585 1044 et
601 981 703 1062 aegida

206 1066 396 1147 „Cumasque
409 1077 438 1128 ot
447 1069 553 1128 rabiem
566 1078 654 1146 parat.

129 1191 350 1271 „Nequidquam
360 1191 481 1252 Veneris
494 1192 635 1271 praesidio
651 1193 734 1252 ferox

130 1272 254 1352 „Pontes
274 1277 440 1352 caesariem,
454 1286 589 1355 grataque
601 1277 713 1336 feminis
835 1336 839 1347 ,

130 1357 264 1436 „lmhelli
276 1360 382 1420 eithara
393 1362 514 1419 earmina
528 1360 649 1430 divides;

208 1441 429 1520 „Nequidquam
441 1443 562 1503 thalamo
573 1463 677 1522 mres

130 1564 256 1642 „Hastae
268 1573 297 1624 et
309 1564 407 1624 aelami
419 1566 530 1644 spionla
542 1565 640 1626 Gnosii

130 1648 263 1727 „Vitahis
276 1651 483 1728 strepitumque
495 1659 523 1709 et
538 1649 662 1709 celerem
677 1650 759 1728 sequi

129 1732 284 1810 „Aiaoomz
299 1741 393 1792 tamen
403 1734 459 1793 heu
471 1751 552 1793 serus
565 1732 709 1794 adulteros

207 1815 332 1893 „Cultus
345 1816 464 1895 pulvere
478 1817 608 1877 oollines.

130 1938 218 2016 „Non
229 1939 407 2017 Laertiaden,
421 1945 536 2002 exitium
552 1951 616 2002 tune

130 2021 264 2101 ‚,Gentis,
282 2043 339 2084 non
350 2024 458 2100 Pylium
473 2026 595 2086 Nestora
609 2022 751 2102 respicis?

77 2151 80 2159 2
131 2106 262 2186 „Urgent
274 2109 407 2186 impavidi
420 2119 449 2168 te
460 2109 626 2169 Salaminius

204 2190 339 2267 „Teuoer
354 2201 383 2251 et
398 2192 559 2269 Sthenelus,
573 2194 666 2269 scisma

53 2312 62 2317 ’
128 2313 275 2399 „Paga-ae,
289 2318 351 2374 sive
362 2333 436 2394 opus
448 2326 492 2376 est
503 2320 664 2395 imperitare
676 2321 767 2397 equis,

128 2396 216 2474 „Non
228 2400 324 2476 auriga
336 2401 432 2476 piger3
447 2399 595 2461 Merionen
607 2419 721 2481 quoque

128 2479 276 2557 „Nosces
298 2480 378 2541 Eece
388 2481 455 2542 iurit
470 2491 499 2543 to
509 2487 637 2562 reperire
648 2496 729 2547 atrox

170 2604 174 2615 η,
205 2564 354 2642 „Tydides
365 2565 468 2625 melior
479 2576 568 2644 patre,

127 2690 296 2769 ,,Ωιιοῐη,ιιι,
309 2710 412 2752 eerrns
424 2694 463 2755 oti
475 2691 557 2771 vallis
572 2695 600 2752 in
610 2693 697 2754 altere

130 2774 252 2850 „Visum
264 2785 344 2854 parte
356 2776 453 2854 lupum
469 2778 602 2854 graminis
617 2770 784 2857 immemor,
924 2784 966 2845 30

129 2857 379 2937 „Sublimi-fugies
389 2860 485 2920 mollis
496 2858 639 2936 anhelitu,

205 2940 294 3018 „Non
305 2935 362 3004 hoo
376 2943 520 3022 pollicitus
531 2953 607 3004 tuae.

130 3063 289 3142 „Iraeuuda
304 3067 378 3127 diem
390 3070 517 3147 proferet
531 3066 584 3129 llio

130 3148 347 3230 „lllatronisque
358 3150 499 3230 Phrygum
513 3153 614 3213 classis
628 3153 765 3226 Achillei:

129 3232 221 3309 „Post
234 3244 326 3295 certus
336 3236 444 3295 hiemes
460 3245 521 3296 uret
533 3236 675 3298 Achaious

206 3316 306 3396 „Ignis
315 3317 419 3379 iliacas
431 3318 567 3379 domos.“

415 3452 559 3461 —--—=
