2266 3878
89 273 151 337 196
372 283 378 297 ¹
465 266 681 329 sarmatum
856 242 860 281 ¹
893 269 1031 345 [sacar]

172 471 193 504 „
203 425 298 502 „Vive
307 439 430 497 mernor,
450 439 532 498 quam
544 422 583 478 sis
598 422 661 479 aevi
675 418 805 478 brevis.“
827 419 904 480 llaec
916 420 961 480 ubi
971 420 1031 481 dicta

172 509 345 586 „Agrest‘cm
357 504 510 584 pepulere,
529 503 612 562 domo
625 503 697 562 levis
712 501 819 573 exsilit;
834 503 900 565 inde

172 591 286 669 „Ambo
306 592 482 668 propositum
497 596 634 664 peragunt
649 589 719 662 iter,
737 586 815 660 urbis
827 597 941 648 aventes

91 677 151 738 100
172 675 307 752 „llloenla
318 673 446 732 nocturni
459 671 625 748 subrepere.
648 668 762 747 lamque
778 671 892 731 tenebat
956 716 959 723 .
995 716 996 720 ,

171 758 259 835 „Nox
270 756 389 816 modium
402 754 477 816 coeli
489 756 623 831 spatium,
639 755 793 830 componit
806 763 925 832 uterque

171 841 227 919 „ln
238 840 381 917 locuplete
393 839 477 903 domo
488 840 627 914 vestigia,
645 837 730 895 rubro
744 837 792 896 ubi
808 852 899 897 cocco

171 924 292 1002 „l'iuota
304 941 391 1000 super
404 921 496 980 lectos
507 920 640 979 canderet
651 922 738 979 vestis
751 920 886 998 chamos,

172 1008 338 1085 „Multaque
350 1006 385 1065 do
396 1022 496 1081 magna
507 1013 693 1081 superessent
707 1002 814 1063 fercula
826 1020 925 1081 coena,
949 1011 955 1022 “

90 1088 148 1149 105
172 1092 276 1168 „Quae
291 1088 391 1168 procul
405 1089 554 1147 exstructis
566 1090 672 1146 inerant
684 1088 815 1147 hesterna
828 1091 961 1149 canistris.

172 1174 273 1251 „Ergo
285 1175 333 1233 ubi
344 1189 485 1250 purpurea
498 1179 659 1248 porrectum
670 1173 698 1230 in
710 1180 793 1231 vesto
804 1170 909 1232 locavit

172 1258 362 1335 „Agrestem,
376 1255 464 1314 veluti
475 1257 636 1314 succinctus
649 1257 764 1314 cursitat
777 1256 886 1334 hospes

170 1339 401 1417 „continuatque
416 1338 519 1417 dapes,
539 1357 593 1398 nec
605 1356 661 1398 non
674 1339 818 1399 verniliter
828 1341 899 1418 ipsis

171 1424 331 1502 „Fungitur
344 1423 463 1500 officiis,
476 1423 672 1501 praelambens
684 1438 765 1482 omne
777 1423 855 1501 quod
865 1424 951 1484 alfort

89 1511 150 1572 110
171 1507 250 1586 „Ille
263 1508 368 1567 cubans
378 1507 484 1585 gaudet
494 1516 597 1566 mutata
609 1517 686 1567 sorte
697 1508 837 1587 bonisque
911 1552 915 1559 ,

168 1592 289 1669 „Rebus
301 1593 359 1669 agit
369 1591 472 1652 laetum
483 1593 646 1667 convivam,
659 1609 721 1650 eum
734 1592 826 1651 subito
839 1593 937 1670 ingens

127 1689 132 1698 ’
170 1675 341 1753 „Valvarum
354 1677 486 1753 strepitus
497 1674 581 1733 lectis
594 1677 718 1734 excussit
729 1685 888 1755 utrumque.

170 1758 316 1836 „Currere
330 1775 381 1836 per
391 1758 585 1835 totum'pavidi
597 1758 750 1834 conclave,
766 1763 915 1839 magisque

171 1842 345 1919 „Exanimes
356 1840 508 1919 trepidare,
523 1840 605 1900 simul
616 1841 715 1901 domus
726 1842 781 1903 alta
791 1842 928 1904 Molossis

90 1927 148 1989 115
171 1925 342 2001 „Personuit
352 1925 478 1984 canibus.
499 1923 569 1983 'lum
581 1928 702 1986 rusticus
715 1925 818 2002 „llaud
829 1928 895 1987 mihi
909 1928 961 1987 vita

170 2051 191 2083 „
199 2006 275 2083 „Est
285 2024 358 2084 opus
367 2007 444 2066 hac“
456 2008 505 2082 ait,
517 2016 546 2066 et
557 2009 690 2083 „valoasz
702 2028 747 2069 me
759 2010 830 2070 silva
837 2028 978 2089 ‚cavasque

170 2118 192 2166 ς,
201 2088 313 2167 „Tutus
324 2089 359 2149 ab
371 2089 479 2148 insidiis
490 2093 567 2150 tonui
579 2092 714 2153 solabitur
725 2097 830 2153 ervo.“
838 2096 859 2130 “

492 2257 642 2267 ————--

428 2418 610 2477 suma
620 2421 704 2476 vn.

167 2518 246 2581 Dco.
261 2517 421 2580 Iamdudum
433 2522 579 2600 ausculto,
599 2533 628 2583 ot
640 2525 757 2601 cupiens
774 2526 824 2585 tibi
839 2525 936 2588 dicere
946 2545 1032 2590 servus

167 2603 273 2679 Pauca,
296 2603 459 2666 reformido.
481 2607 591 2669 Herus.
603 2606 757 2668 Davusne?
780 2609 1032 2690 Dco.ltn,l)arus,

590 2709 708 2751 amicum

107 2826 110 2830 .
167 2771 336 2850 llaneipium
347 2773 460 2833 domino
472 2783 501 2834 ot
511 2774 596 2852 frugi,
614 2775 691 2854 quod
702 2777 738 2835 sit
748 2779 896 2855 satiqnoc
908 2790 962 2859 est,

167 2855 204 2915 llt
214 2855 299 2916 vitale
311 2867 403 2934 putes.
425 2857 498 2920 ller.
510 2859 592 2936 Age,
605 2859 733 2920 libertate
745 2859 908 2942 Decembri,

72 2961 75 2968 ·
127 2936 145 2996 5
169 2937 287 3012 Quando
302 2941 340 3000 ita
351 2945 472 3001 maiores
484 2942 650 3020 volucrunt,
662 2952 759 3014 utero3
773 2963 862 3005 narra.

167 3021 248 3084 Duo.
261 3021 327 3083 Pars
341 3025 481 3084 hominurn
492 3027 568 3085 vitiis
578 3026 683 3103 gaudet
705 3035 881 3108 constanter,
902 3041 933 3092 et
944 3041 1021 3112 urget

167 3104 363 3185 Propositum
381 3126 446 3186 pars
459 3109 544 3168 multa
554 3118 645 3186 natat,
668 3111 751 3171 modo
781 3121 858 3173 recta
880 3131 1052 3194 capessens,

168 3188 309 3250 Interdum
320 3193 415 3269 pravis
431 3192 562 3252 obnoxia.
586 3194 680 3272 Saepe
691 3204 801 3255 notatus

169 3271 239 3333 cum
249 3274 339 3334 tribus
353 3274 471 3353 anellis,
484 3276 567 3336 modo
578 3275 662 3338 laeva
674 3277 785 3338 Priscus
797 3282 871 3341 inani

107 3358 147 3418 10
167 3355 243 3418 Vixit
253 3358 424 3438 inaequalis,
438 3360 546 3421 clavum
556 3370 587 3421 ut
597 3372 716 3423 mutaret
726 3366 755 3422 in
765 3364 861 3442 horas,
