2266 3878
239 435 299 496 vos
311 433 417 511 Tempe
432 435 548 495 totidem
559 434 649 495 tollite
662 435 790 495 laudibus

240 517 435 597 Natalemque‚
450 537 553 594 mares,
569 518 663 580 Delon
673 518 824 598 Apollinis,

289 600 488 680 Insignemque
499 601 631 679 pharetra
873 653 886 677 ¹„

340 684 531 763 Fraternaque
543 685 686 744 humerum
696 683 771 759 lyra!
867 730 871 737 ,

239 819 293 880 llic
302 819 407 879 bellum
416 817 604 892 lacrimosum,
617 817 663 876 hic
674 817 804 875 misemm
814 815 917 876 lennem

240 902 410 980 Pestemqnc
421 919 437 961 a
448 899 555 978 populo
567 909 596 959 et
608 901 735 978 principe
749 897 872 959 Caesare
884 902 913 959 in

56 1048 58 1051 .
94 987 131 1052 15
291 985 391 1045 Persas
404 983 646 1063 atqueBnitannos

345 1067 447 1127 Vestra
457 1074 549 1126 mutua
561 1075 627 1144 aget
637 1084 734 1145 prece.

390 1336 394 1342 ·
460 1317 560 1373 omne
577 1317 698 1373 xm.

178 1395 262 1487 tla't
361 1435 408 1486 an
426 1434 600 1487 tumulum
617 1433 775 1488 nuscum.

292 1551 408 1633 integer
417 1557 491 1615 vitae
503 1553 678 1633 scelerisque
690 1572 776 1633 purus

291 1637 355 1698 Non
366 1648 432 1717 eget
446 1638 549 1699 llannis
558 1639 656 1698 iaculis
666 1655 759 1715 neque
774 1653 840 1697 arcu

290 1721 352 1782 Nec
361 1724 506 1782 venenatis
517 1721 632 1798 macida
643 1723 763 1797 sagittis,

334 1803 438 1881 lusce,
455 1804 595 1881 pharetra,

293 1937 360 1996 Sive
372 1932 424 2013 per
434 1934 533 2011 Syrtes
544 1936 598 1993 iter
611 1941 769 2009 aestuosas,

292 2019 359 2081 Sive
370 2019 494 2077 facturus
507 2034 558 2095 per
568 2015 767 2094 inhospitalem

294 2101 449 2163 Caucasum
459 2100 506 2160 vel
519 2118 591 2179 quae
601 2099 666 2160 loca
680 2097 826 2159 fabulosus

333 2184 441 2245 lambit
454 2182 615 2262 Hydaspes.

293 2317 420 2397 Namque
431 2336 476 2377 me
488 2317 558 2377 silva
569 2317 652 2396 lupus
663 2318 692 2377 in
704 2316 817 2390 Sabina,

292 2403 364 2461 Dum
375 2420 465 2461 meam
478 2403 564 2461 canto*
571 2401 693 2480 Lalagen
708 2408 736 2460 et
745 2399 816 2458 ultra

294 2483 452 2544 'ferminum
463 2487 538 2545 cunis
549 2502 638 2565 vagor
650 2483 801 2562 expeditis,

334 2566 419 2646 Fugit
429 2571 572 2647 inermem,

295 2699 387 2775 Quale
397 2710 557 2780 portentum
570 2717 663 2778 neque
674 2696 800 2757 militaris
825 2693 831 2705 ’

293 2782 418 2845 Daunias
429 2784 493 2844 latis
504 2783 553 2843 alit
563 2780 727 2856 aesculetis,

291 2865 353 2927 Nec
363 2866 450 2926 lubae
460 2864 544 2925 tellus
555 2872 680 2941 generat,
693 2864 814 2933 lecnctu¹

334 2948 420 3008 Arida
431 2948 533 3006 nutrix.

291 3077 369 3140 Pone
381 3097 427 3140 me
440 3081 528 3158 pigris
539 3080 586 3140 ubi
596 3080 671 3141 nulla
682 3081 789 3159 campis

291 3163 385 3225 Arbor
394 3166 501 3223 aestiva
511 3173 654 3224 recreatur
669 3181 745 3241 auia,

292 3246 376 3322 Quod
387 3245 459 3305 latus
470 3247 562 3306 munli
573 3246 692 3307 nebulae
702 3246 848 3324 malusque

90 3336 131 3398 20
343 3328 471 3409 iuppiter
487 3340 582 3409 argee
