2266 3878
99 275 163 339 aaa
233 291 239 314 ι
321 283 324 293 ·
388 273 772 340 snurunnuuuounu.
936 279 1016 357 [so.⁴

183 425 249 505 „Te
260 424 353 488 deus?
371 426 408 488 to
419 444 532 505 semper
542 425 650 504 gaudes
663 425 782 487 iiiodere
792 427 879 487 robus

182 509 378 588 „domnino
395 510 496 571 Varius
511 528 612 588 mappa
625 527 812 588 sompeseere
822 513 912 571 risuur

181 593 237 655 Vix
247 602 367 673 poterat.
389 592 502 655 Balatro
512 593 688 672 suspendens
701 595 792 654 omnia
802 609 886 671 uaso,

120 681 159 742 65
182 677 284 756 „Haeo
296 687 341 737 est
351 677 475 738 conditio
486 677 623 738 ιὶιιιιιάι·ιι
634 677 736 754 aiebat,
749 694 872 756 „eoque

181 761 445 841 „Responsuratuo
456 779 594 840 nunquam
607 769 651 820 est
661 777 713 838 par
722 761 795 822 fama
807 761 908 822 labori.

181 844 300 923 ‚,'l'ene'‚
313 854 344 906 ut
353 861 409 924 ego
420 848 544 923 aooipiar
554 843 646 921 lauto,
658 846 819 923 torquerier
833 848 909 907 omni

181 929 401 1006 „Sollicitudiuo
412 929 582 1005 districtum,
599 947 636 988 uo
651 930 732 1006 panis
746 928 873 1005 adustus,

180 1013 248 1090 „Ne
259 1013 331 1073 nralo
343 1011 485 1073 eonditum
496 1015 540 1072 ius
550 1021 721 1090 apponatur,
733 1021 763 1071 ut
773 1028 875 1080 ornnes·
989 1060 992 1064 >

116 1104 158 1173 70
178 1095 358 1174 „Praeoiuuti
376 1104 455 1156 reate
469 1097 550 1174 pueri
563 1098 706 1175 oomtique
718 1093 895 1157 ministrent?

119 1233 121 1239 ’
179 1179 350 1322 ”diiii
363 1178 934 1342 tditidittz’rtididttinr

179 1307 200 1341 ts
343 1309 351 1332 r
936 1309 943 1324 .

178 1346 260 1424 „Sed
273 1348 472 1424 convivatoris,
484 1349 524 1408 uti
540 1347 636 1423 ducis,
655 1349 797 1425 ingenium
805 1367 854 1409 res
947 1360 954 1368 ‘

177 1428 585 1507 ,pbdversaeuodarasoieot‚
607 1430 892 1493 oelaroseouudae.“
937 1458 939 1463 ’

6 1571 9 1585 ,
56 1581 65 1587 ,
114 1518 155 1579 75
177 1513 347 1574 Nasidienus
358 1513 393 1574 ad
403 1513 492 1575 baeu:
504 1515 590 1592 „Tibi
603 1515 640 1591 ot,
658 1532 843 1594 quaeeunque
855 1516 985 1593 preoeds,

177 1596 356 1675 „Commoda
370 1597 451 1659 deut:
469 1601 507 1660 ita
517 1599 662 1666 virbonus
674 1616 707 1658 os
719 1601 896 1678 convivaque
907 1600 1016 1676 eomis,“

175 1680 213 1742 Et
223 1682 320 1742 soleas
333 1685 435 1760 poscit.
459 1679 529 1744 Toni
539 1684 567 1744 iu
578 1681 654 1742 leuto
666 1700 780 1762 quoque
790 1683 906 1743 videres

176 1766 301 1826 Stridore
312 1776 423 1827 secreta
436 1765 543 1827 divisos
554 1785 622 1826 aure
632 1784 773 1826 susurros.

175 1847 249 1911 Hor.
260 1848 414 1911 Nullosbis
427 1851 539 1911 malleni
549 1850 631 1911 iudos
644 1860 806 1930 spootasse;
822 1849 934 1913 sedilia
995 1894 999 1899 -

71 1975 73 1980 .
112 1935 154 1996 80
173 1932 284 2009 Redde,
297 1950 362 2010 age,
376 1952 448 2011 quoae
460 1933 596 2012 deinceps
607 1935 705 1995 risisti.
726 1933 825 1996 Food.
837 1933 963 1999 Vibidius
972 1931 1016 1999 dau

176 2013 293 2088 Quaerit
304 2015 340 2076 do
352 2019 463 2094 pueris,
479 2036 544 2077 num
562 2020 599 2078 sit
611 2035 725 2096 puroque
737 2018 826 2080 fracta
838 2018 960 2097 tageno.
986 2044 996 2063 ι·

176 2098 260 2172 Quod
271 2100 325 2158 sibi
338 2100 467 2178 posoonti
477 2118 535 2163 oon
545 2100 644 2162 dautur
654 2101 767 2181 poeula,
781 2101 904 2187 dumque

174 2182 292 2243 Ridetur
303 2184 375 2244 fletis
390 2202 483 2245 rerum
493 2184 641 2247 Balatrone
656 2186 795 2263 seeundo,'

173 2266 342 2345 Nasidione,
355 2267 431 2329 redis
445 2279 565 2330 mutatae
576 2270 693 2345 frontis,
710 2277 740 2329 ut
750 2280 810 2330 arto

111 2351 151 2413 85
173 2351 378 2413 Emeutiaturus
388 2352 654 2424 iortunam;doiude
666 2355 757 2414 secuti
857 2412 863 2419 ,

172 2434 340 2495 Maaonomo
353 2439 433 2514 puori
444 2455 547 2516 magno
558 2437 702 2515 discerpta
713 2438 840 2498 ferentes
958 2462 962 2473 ·

171 2518 296 2579 Membra
307 2523 386 2598 gruis
398 2523 489 2600 sparsi
500 2521 560 2583 saie
574 2520 662 2581 multo
673 2538 730 2582 uon
740 2523 802 2581 siue
813 2521 899 2599 farra,

171 2601 324 2681 Pinguibus
337 2613 366 2665 et
376 2605 439 2665 diois
450 2615 559 2683 pastum
570 2608 649 2665 ieeur
660 2607 769 2665 anseris
779 2603 873 2682 albae,

170 2685 207 2746 Et
218 2687 347 2765 leporum
358 2689 489 2766 avulsos,
509 2698 540 2749 ut
549 2690 636 2749 multo
648 2691 778 2765 suavius,
793 2703 899 2766 nuos,

108 2775 149 2835 90
171 2768 261 2844 Quam
272 2773 296 2830 si
309 2790 371 2831 uum
382 2772 483 2832 lumbis
496 2775 559 2852 quis
571 2773 637 2836 edit·
655 2771 730 2832 ''iuur
741 2781 860 2851 pectore
872 2773 970 2835 adusto

168 2853 295 2915 Vidimus
307 2863 336 2915 ei
346 2857 468 2917 merulas
480 2859 546 2935 poni
559 2866 587 2917 ot
599 2860 659 2918 sine
671 2856 754 2917 olous
766 2855 924 2934 palumbos,
955 2893 956 2897 =

168 2939 277 3000 Suavee
289 2958 354 3018 res,
368 2943 460 3001 sinon
473 2959 573 3001 oausas
583 2949 708 3000 narraret
720 2956 816 3001 earum
828 2949 858 3001 ot

167 3021 287 3084 Naturas
299 3023 444 3101 dominus,
459 3043 542 3102 quem
552 3041 606 3085 uos
617 3027 661 3084 sio
671 3024 794 3102 fugimus
806 3023 868 3103 ulti,

166 3106 205 3167 Ut
213 3107 282 3167 nihii
294 3109 406 3168 ouruino
418 3117 613 3186 gustaremus,
627 3107 707 3168 velut
716 3108 775 3169 iilis

105 3192 144 3253 95
169 3189 284 3252 Canidia
296 3190 423 3252 aiilasset
435 3194 518 3272 peior
529 3193 709 3272 serpentibus
719 3191 809 3253 Airis.

483 3336 632 3345 ——u-——u-
