2266 3878
101 260 164 339 ιιι
452 261 695 344 xsitammam
939 267 957 343 [ι

181 416 271 491 Quam
284 425 331 478 aut
351 416 443 494 aquila
465 424 511 476 ant
533 430 651 491 serpens
661 410 855 490 Epidaurius?
876 413 957 478 Attii

754 505 852 556 contra

178 583 295 660 Evenit,
313 584 450 662 inquirant
461 584 528 641 vitia
543 589 572 639 nt
585 589 631 638 tua
644 598 740 638 rursus
756 589 784 639 et
798 579 848 638 illi.

176 666 340 727 Iracundior
357 675 401 727 est
412 665 512 744 paulo,
528 667 617 722 minus
631 671 712 740 aptus
724 667 814 721 acutis

38 771 41 775 ’
116 754 158 815 30
177 749 298 811 Naribus
313 751 411 810 horum
424 747 580 821 bominum,
599 745 684 809 rideri
698 748 855 822 possitae,
877 750 954 826 qnod

176 833 319 893 Rusticius
334 843 416 892 tonso
429 841 495 909 toga
509 829 604 890 defluit
621 837 649 887 et
663 828 734 888 male
750 829 828 888 laxus

175 915 208 975 ln
222 916 295 994 pede
310 916 422 976 calceus
433 915 544 983 haeret;
559 920 587 971 at
597 919 641 970 est
651 912 758 988 bonus,
772 921 801 971 ut
813 913 915 974 melior
926 919 957 976 vi

174 997 239 1060 Non
250 999 321 1059 alius
333 1001 496 1077 qnisquam,
518 1006 545 1057 at
563 995 613 1056 tibi
630 997 754 1071 amicus,
778 1005 807 1055 at
826 998 957 1075 ingeniun

747 1097 849 1156 ingens
947 1111 953 1118 ·

174 1163 283 1224 Inculto
296 1164 364 1224 latet
374 1164 430 1223 hoc
441 1162 493 1222 sub
505 1178 636 1239 corpore.
659 1162 790 1240 Denique
801 1172 831 1222 te
843 1166 938 1242 ipsum

111 1251 152 1314 35
175 1247 319 1324 concute,
335 1266 399 1307 num
411 1265 465 1326 qua
476 1247 525 1306 tibi
537 1248 667 1305 vitiorum
678 1247 811 1306 inseverit
822 1246 890 1312 olim

172 1330 276 1390 Natura
290 1341 338 1391 ant
352 1333 434 1391 etiam
449 1328 624 1390 consuetudo
635 1329 721 1390 mala:
736 1347 856 1409 namque
908 1343 912 1347 ·

171 1411 319 1492 Neglectis
331 1414 435 1475 urenda
449 1413 506 1474 tilix
524 1414 676 1472 innascitur
686 1415 771 1491 agris.
850 1429 860 1440 ²

170 1495 242 1556 llluc
253 1507 475 1575 praevertamur‚
487 1505 639 1556 amatorem
651 1496 726 1574 quod
741 1498 848 1556 amicae

17 1620 20 1627 .
94 1620 97 1625 -
170 1577 272 1658 l'nrpia
284 1582 427 1660 decipiunt
438 1598 553 1641 caecum
564 1582 647 1654 vitia,
663 1582 803 1639 autetiam
814 1582 877 1658 ipsa
888 1584 957 1643 haec

106 1663 149 1729 40
168 1662 436 1742 Delectant,'velnti
450 1663 594 1723 Balbinum
605 1663 728 1742 polypus
742 1662 869 1741 Hagnae.

166 1746 277 1807 Vellem
287 1751 315 1808 in
329 1750 450 1808 amicitia
460 1750 502 1807 sic
515 1765 670 1805 erraremus
682 1756 710 1806 et
725 1749 772 1806 isti

165 1827 262 1889 Errori
273 1849 375 1891 nomen
386 1833 473 1895 virtus
486 1832 631 1908 posuisset
644 1831 802 1891 honestum.
938 1902 943 1916 ¹

63 1957 64 1960 ,
95 1945 97 1953 ,
131 1964 132 1970 ,
165 1910 443 1991 Atpaterutgnati‚
458 1916 563 1972 sicnos
578 1912 824 1989 debenus‚amici

166 1994 197 2053 Si
209 1994 285 2072 qnod
296 1998 332 2058 sit
341 1999 453 2072 vitium,
464 2011 520 2055 non
532 1996 674 2057 fastidire:
687 1997 849 2058 strabonem

103 2078 144 2143 45
161 2076 298 2155 ¹Appellat
308 2088 432 2157 poetam
446 2089 540 2156 pater,
558 2087 586 2138 et
594 2083 720 2157 pullam,
732 2079 803 2139 male
817 2099 922 2159 parvus

165 2161 196 2220 si
208 2163 252 2221 cui
264 2161 336 2222 iilius
348 2171 408 2239 est,
424 2171 454 2223 ut
465 2163 607 2223 abortivus
619 2163 671 2223 luit
682 2164 749 2223 clim

163 2243 314 2321 Sisyphum
326 2245 399 2306 bunc
409 2265 517 2308 earum
530 2245 654 2306 distortis
666 2247 809 2323 cruribus,
824 2247 903 2309 illum

161 2326 283 2387 Balbutit
294 2332 440 2391 seuerum
452 2331 545 2409 pravis
558 2330 656 2390 fultum
666 2331 739 2390 malo
751 2331 824 2391 talis.

161 2408 274 2471 Parcius
285 2412 332 2472 bic
346 2415 431 2474 vivit:
442 2416 528 2492 fropa'
539 2412 655 2473 dicatur.
697 2413 814 2493 lneptus

99 2498 141 2560 50
159 2491 197 2554 Et
209 2496 355 2566 iactantior
365 2497 410 2556 hic
422 2497 505 2575 paulo
518 2505 575 2557 est:
588 2499 755 2559 commanus
766 2499 874 2559 amieis

107 2582 110 2589 ’
158 2574 282 2638 Postulat
293 2588 322 2638 ut
332 2580 468 2640 videatur.
490 2579 526 2640 At
538 2589 583 2640 est
594 2580 776 2641 truculentior
788 2591 873 2660 atque

103 2674 109 2689 ·
158 2657 224 2721 Plus
238 2679 330 2740 aequo
341 2662 427 2724 liber:
442 2667 570 2742 simplem
580 2666 727 2742 fortisque
737 2665 881 2725 habeatur.

158 2739 272 2804 (taldior
284 2755 342 2806 est:
360 2766 451 2810 aeres
461 2751 533 2808 inter
547 2756 715 2807 numeretur.
739 2747 857 2825 Opinon,

156 2825 234 2887 llaec
247 2846 294 2888 r-es
306 2839 334 2889 et
344 2832 449 2909 iungit,
465 2834 575 2891 iunctos
591 2840 620 2894 et
630 2840 724 2891 servat
735 2834 852 2892 amicos.

95 2913 136 2976 55
156 2909 193 2971 m
205 2925 257 2970 nos
272 2914 390 2973 virtutes
401 2917 478 2992 ipsas
492 2917 652 2975 invertimus
663 2923 746 2995 atque
866 2916 869 2925 '

156 2994 301 3056 sincerum
313 3000 439 3074 cupimus
449 3017 499 3059 vas
510 3000 673 3059 incrustare.
694 2998 801 3059 l’robus
814 3000 877 3078 quis

153 3076 307 3139 Nobiscum
321 3082 404 3155 vivit,
416 3077 531 3137 multum
544 3078 683 3139 demissus
694 3081 779 3139 bomo
793 3081 857 3151 ille;

153 3159 245 3242 'lardo
259 3180 415 3241 cognomen
425 3166 533 3242 pinpos'
545 3163 649 3225 damus.
673 3164 726 3225 llic
736 3166 809 3244 fugit
823 3181 922 3227 omnes

152 3241 270 3306 Insidias
283 3245 409 3325 nullique
419 3247 491 3307 malo
503 3247 574 3307 latus
586 3247 664 3308 obdit
675 3259 812 3328 apertum

91 3333 133 3393 60
153 3325 222 3389 curn
233 3347 323 3408 genus
334 3330 392 3389 hoc
401 3333 472 3391 inter
481 3333 555 3391 vitae
566 3342 709 3410 versetur,
723 3335 771 3394 ubi
782 3337 855 3395 aeris
