2266 3878
82 285 149 355 aco
222 292 225 300 ·
471 274 687 338 snvrmnun
858 275 1024 351 osana]

78 466 82 471 ·
168 431 329 498 uenuste
339 432 405 491 mihi
416 427 648 508 lapidemlDaa.
656 426 797 498 Quorsum
809 434 854 484 est
865 416 1023 503 opustller.

587 511 667 570 Unde
680 505 817 586 sagittas?

166 599 246 662 Dav.
264 598 321 658 Aut
347 599 447 657 insanit
467 597 551 655 homo
568 603 622 736 autl
632 611 731 652 versus
755 592 832 651 iacit.
866 590 937 653 Her.
953 589 1022 651 oon

622 680 679 738 nine
692 685 720 735 te

167 764 203 826 Ni
214 767 306 844 rapis,
320 763 441 823 accedes
452 780 539 840 opem
551 777 619 838 agro
632 777 704 819 nom
716 758 834 819 Sabino!

405 1154 715 1212 sonuum.

163 1266 269 1330 Horat.
279 1241 318 1327 'Ut
328 1265 472 1327 Nasidieni
485 1268 554 1326 iuvit
568 1275 597 1325 te
610 1282 699 1327 coena
711 1261 808 1323 beati‘l

163 1349 233 1411 Nam
243 1351 309 1409 mihi
321 1353 466 1429 quaerenti
479 1353 624 1409 convivam
640 1349 731 1408 dictus
742 1348 811 1407 here
824 1327 883 1407 illie

162 1433 207 1494 De
222 1433 315 1493 medio
334 1442 433 1511 potare
449 1433 505 1493 die.
528 1433 670 1493 Fundos.
687 1433 752 1507 Sic,
772 1441 801 1490 ut
811 1432 878 1490 milri
889 1447 1007 1510 nunquan

73 1577 76 1584 ,
163 1515 260 1577 Invita
271 1517 355 1577 fuerit
365 1517 476 1576 melius.
498 1516 570 1578 Hor.
581 1514 645 1588 Dic,
658 1517 682 1574 si
696 1533 783 1593 grave
794 1532 852 1574 uon
864 1525 916 1592 est,

122 1601 140 1663 5
164 1599 243 1674 Quae
255 1604 346 1691 prima·
357 1603 456 1661 iratum
466 1609 592 1660 ventrem
603 1601 758 1678 placaverit
771 1617 849 1658 esca.

160 1683 261 1746 Fuod.
276 1683 309 1744 In
319 1687 415 1763 primis
425 1683 553 1743 Lucanus
566 1701 649 1760 aper:
663 1683 719 1742 leni
735 1683 787 1742 fuit
801 1681 904 1744 Austro

164 1766 287 1847 captus,
299 1778 329 1828 ut
340 1769 433 1829 aiebat
444 1785 551 1826 coenae
564 1776 656 1844 pater;
668 1768 743 1826 acria
754 1770 860 1826 circum

162 1852 287 1930 Rapula,
303 1851 440 1927 lactucae,
453 1851 574 1926 radices,
589 1851 680 1928 qualia
691 1851 795 1911 lassum

162 1934 323 1994 Pervelluut
336 1936 525 2008 stomachum,
540 1936 623 2009 siser,
636 1934 734 2010 halec,
751 1934 862 1995 faecula
873 1933 939 1996 Coa.

101 2023 141 2084 10
161 2017 213 2077 llis
224 2018 272 2076 ubi
284 2017 400 2077 sublatis
413 2035 484 2095 puer
497 2017 553 2077 alte
566 2019 674 2076 cinctus
688 2036 818 2079 acernam

164 2098 294 2179 Gausapa
306 2119 449 2178 purpureo
461 2120 584 2160 mensam
596 2104 743 2179 pertersit,
761 2111 790 2161 et
806 2102 878 2162 alter

162 2183 293 2262 Sublegit
305 2184 494 2263 quodcunque
508 2188 615 2246 iaceret
626 2186 722 2245 inutile
734 2186 869 2264 quodque

161 2265 263 2327 Posset
280 2277 432 2328 coenantes
445 2270 604 2339 ollendere;
618 2279 648 2329 ut
658 2270 752 2329 Attica
764 2272 847 2346 virgo
908 2283 912 2291 “

163 2350 233 2411 Cum
245 2354 333 2413 sacris
347 2351 461 2413 Cereris
473 2353 604 2432 procedit
619 2353 716 2413 luscus
728 2353 888 2430 Hydaspes,
952 2414 955 2427 ,

100 2437 139 2500 15
163 2433 294 2496 Caecuba
306 2438 369 2499 vina
380 2437 485 2514 ferens,
498 2438 589 2497 Alcon
601 2436 700 2498 Chium
711 2440 794 2497 maris
806 2454 919 2514 expers.

127 2545 132 2555 ·
161 2517 214 2576 llic
225 2518 323 2580 herus:
335 2520 506 2598 „Albanum
518 2521 680 2598 Maecenas,
693 2524 755 2581 sive
766 2521 914 2581 Falernum

161 2599 227 2678 „Te
237 2605 327 2680 magis
337 2608 475 2682 appositis
487 2606 622 2666 delectat:
634 2607 769 2666 hebernus
780 2606 960 2684 utrumque.“

160 2684 234 2746 Hor.
245 2685 364 2747 Divitias
376 2690 507 2750 miseras!
523 2690 580 2749 Sed
592 2693 655 2770 quis
667 2690 850 2750 coenantibus
862 2707 926 2764 una,

159 2767 302 2846 Fundani,
314 2771 432 2849 pulchre
446 2774 531 2835 fuerit
543 2776 609 2852 tibi,
625 2792 712 2834 nosse
725 2774 834 2835 laboro.

98 2851 261 2917 tovana.
283 2854 413 2916 Summus
432 2874 487 2936 ego
511 2867 539 2917 et
561 2877 652 2937 prope
669 2877 714 2918 me
733 2859 837 2917 Viscus
855 2855 1023 2918 Thurinuset

577 2943 646 3002 inira

159 3021 189 3080 Si
201 3023 327 3099 memini,
340 3023 458 3100 Varius,
472 3041 535 3084 cum
547 2988 668 3085 Servili’o
680 3025 829 3086 Balatrone

157 3104 302 3183 Vibidius,
318 3123 391 3185 quos
405 3105 556 3166 Maecenas
568 3108 719 3168 adduxerat
730 3110 853 3169 umbras.

157 3187 348 3249 Nomentanus
359 3199 519 3268 eratsuper
529 3192 637 3269 ipsum,
653 3192 770 3252 Porcius
781 3192 863 3271 infra,

156 3268 304 3332 Ridiculus
312 3281 389 3333 totas
398 3274 481 3337 simul
495 3275 650 3336 absorbere
662 3276 815 3354 placentas.

95 3353 134 3415 25
156 3352 348 3417 Nomentanus
359 3357 394 3419 ad
407 3359 482 3436 hosp
493 3362 559 3440 qui,
579 3361 605 3420 si
618 3361 687 3440 qnid
698 3361 772 3421 forts
783 3359 895 3438 lateret,

6 3498 151 3632 ἢ
194 3690 200 3699 .
