<?xml version="1.0" encoding="UTF-8"?>
<!DOCTYPE html PUBLIC "-//W3C//DTD XHTML 1.0 Transitional//EN"
    "http://www.w3.org/TR/xhtml1/DTD/xhtml1-transitional.dtd">
<html xmlns="http://www.w3.org/1999/xhtml" xml:lang="en" lang="en">
 <head>
  <title>
</title>
<meta http-equiv="Content-Type" content="text/html;charset=utf-8" />
  <meta name='ocr-system' content='tesseract 3.04.00' />
  <meta name='ocr-capabilities' content='ocr_page ocr_carea ocr_par ocr_line ocrx_word'/>
</head>
<body>
  <div class='ocr_page' id='page_1' title='image "./qhoratiiflaccio00schmgoog_0267.png"; bbox 0 0 2266 3878; ppageno 0'>
   <div class='ocr_carea' id='block_1_1' title="bbox 90 256 1057 343">
    <p class='ocr_par' dir='ltr' id='par_1_1' title="bbox 90 256 1057 343">
     <span class='ocr_line' id='line_1_1' title="bbox 90 256 1057 343; baseline 0.004 -23"><span class='ocrx_word' id='word_1_1' title='bbox 90 257 152 320; x_wconf 81' lang='lat' dir='ltr'>aso</span> <span class='ocrx_word' id='word_1_2' title='bbox 461 256 718 319; x_wconf 75' lang='lat' dir='ltr'>unsrouanun</span> <span class='ocrx_word' id='word_1_3' title='bbox 795 272 799 278; x_wconf 72' lang='lat'>,</span> <span class='ocrx_word' id='word_1_4' title='bbox 904 264 1057 343; x_wconf 70' lang='lat' dir='ltr'>[apuam</span> 
     </span>
    </p>
   </div>
   <div class='ocr_carea' id='block_1_2' title="bbox 87 410 964 3420">
    <p class='ocr_par' dir='ltr' id='par_1_2' title="bbox 175 410 731 479">
     <span class='ocr_line' id='line_1_2' title="bbox 175 410 731 479; baseline -0.004 -9"><span class='ocrx_word' id='word_1_5' title='bbox 175 410 319 470; x_wconf 76' lang='lat' dir='ltr'><strong>Obscurus</strong></span> <span class='ocrx_word' id='word_1_6' title='bbox 332 410 384 479; x_wconf 88' lang='lat' dir='ltr'>iio;</span> <span class='ocrx_word' id='word_1_7' title='bbox 398 418 552 470; x_wconf 77' lang='lat' dir='ltr'><strong>sectantem</strong></span> <span class='ocrx_word' id='word_1_8' title='bbox 563 410 636 470; x_wconf 87' lang='lat' dir='ltr'>levia</span> <span class='ocrx_word' id='word_1_9' title='bbox 652 413 731 470; x_wconf 89' lang='lat' dir='ltr'>nervi</span> 
     </span>
    </p>

    <p class='ocr_par' dir='ltr' id='par_1_3' title="bbox 173 493 924 738">
     <span class='ocr_line' id='line_1_3' title="bbox 173 493 890 572; baseline -0.004 -18"><span class='ocrx_word' id='word_1_10' title='bbox 173 494 315 554; x_wconf 84' lang='lat' dir='ltr'>Deficiunt</span> <span class='ocrx_word' id='word_1_11' title='bbox 326 495 480 571; x_wconf 91' lang='lat' dir='ltr'>animique;</span> <span class='ocrx_word' id='word_1_12' title='bbox 496 494 644 571; x_wconf 80' lang='lat' dir='ltr'>professus</span> <span class='ocrx_word' id='word_1_13' title='bbox 655 493 770 572; x_wconf 79' lang='lat' dir='ltr'>grandia</span> <span class='ocrx_word' id='word_1_14' title='bbox 781 502 890 570; x_wconf 63' lang='lat' dir='ltr'>turgeu</span> 
     </span>
     <span class='ocr_line' id='line_1_4' title="bbox 174 577 924 656; baseline 0 -17"><span class='ocrx_word' id='word_1_15' title='bbox 174 577 268 656; x_wconf 86' lang='lat' dir='ltr'>Serpit</span> <span class='ocrx_word' id='word_1_16' title='bbox 281 577 356 637; x_wconf 89' lang='lat' dir='ltr'>humi</span> <span class='ocrx_word' id='word_1_17' title='bbox 368 586 444 637; x_wconf 89' lang='lat' dir='ltr'>tutus</span> <span class='ocrx_word' id='word_1_18' title='bbox 458 578 571 655; x_wconf 81' lang='lat' dir='ltr'>nimium</span> <span class='ocrx_word' id='word_1_19' title='bbox 582 577 751 655; x_wconf 91' lang='lat' dir='ltr'>timidosque</span> <span class='ocrx_word' id='word_1_20' title='bbox 764 577 924 652; x_wconf 88' lang='lat' dir='ltr'>procellae;</span> 
     </span>
     <span class='ocr_line' id='line_1_5' title="bbox 175 660 819 738; baseline -0.002 -18"><span class='ocrx_word' id='word_1_21' title='bbox 175 661 229 735; x_wconf 82' lang='lat' dir='ltr'>Qui</span> <span class='ocrx_word' id='word_1_22' title='bbox 240 663 349 722; x_wconf 87' lang='lat' dir='ltr'>variare</span> <span class='ocrx_word' id='word_1_23' title='bbox 365 662 442 738; x_wconf 90' lang='lat' dir='ltr'>cupit</span> <span class='ocrx_word' id='word_1_24' title='bbox 453 679 513 720; x_wconf 88' lang='lat' dir='ltr'>rem</span> <span class='ocrx_word' id='word_1_25' title='bbox 524 660 716 738; x_wconf 82' lang='lat' dir='ltr'>prodigialiter</span> <span class='ocrx_word' id='word_1_26' title='bbox 728 678 819 735; x_wconf 91' lang='lat' dir='ltr'>unam,</span> 
     </span>
    </p>

    <p class='ocr_par' dir='ltr' id='par_1_4' title="bbox 111 743 862 1158">
     <span class='ocr_line' id='line_1_6' title="bbox 111 743 862 822; baseline -0.001 -16"><span class='ocrx_word' id='word_1_27' title='bbox 111 743 152 806; x_wconf 84' lang='lat'>30</span> <span class='ocrx_word' id='word_1_28' title='bbox 172 745 342 822; x_wconf 82' lang='lat' dir='ltr'>Delphinum</span> <span class='ocrx_word' id='word_1_29' title='bbox 354 744 433 803; x_wconf 87' lang='lat' dir='ltr'>silvis</span> <span class='ocrx_word' id='word_1_30' title='bbox 445 747 590 822; x_wconf 83' lang='lat' dir='ltr'>appingit,</span> <span class='ocrx_word' id='word_1_31' title='bbox 608 744 737 804; x_wconf 84' lang='lat' dir='ltr'>[luctibus</span> <span class='ocrx_word' id='word_1_32' title='bbox 750 762 862 820; x_wconf 86' lang='lat' dir='ltr'>aprum:</span> 
     </span>
     <span class='ocr_line' id='line_1_7' title="bbox 173 828 824 905; baseline -0.003 -16"><span class='ocrx_word' id='word_1_33' title='bbox 173 829 205 889; x_wconf 88' lang='lat' dir='ltr'>lu</span> <span class='ocrx_word' id='word_1_34' title='bbox 215 830 312 888; x_wconf 84' lang='lat' dir='ltr'>vitium</span> <span class='ocrx_word' id='word_1_35' title='bbox 324 828 400 888; x_wconf 92' lang='lat' dir='ltr'>ducit</span> <span class='ocrx_word' id='word_1_36' title='bbox 412 828 513 905; x_wconf 90' lang='lat' dir='ltr'>culpae</span> <span class='ocrx_word' id='word_1_37' title='bbox 525 828 607 905; x_wconf 85' lang='lat' dir='ltr'>luga,</span> <span class='ocrx_word' id='word_1_38' title='bbox 631 830 655 887; x_wconf 90' lang='lat' dir='ltr'>si</span> <span class='ocrx_word' id='word_1_39' title='bbox 668 838 743 887; x_wconf 89' lang='lat' dir='ltr'>caret</span> <span class='ocrx_word' id='word_1_40' title='bbox 754 836 824 887; x_wconf 87' lang='lat' dir='ltr'>arte.</span> 
     </span>
     <span class='ocr_line' id='line_1_8' title="bbox 172 912 846 988; baseline -0.004 -15"><span class='ocrx_word' id='word_1_41' title='bbox 172 912 321 973; x_wconf 81' lang='lat' dir='ltr'>Aemilium</span> <span class='ocrx_word' id='word_1_42' title='bbox 334 914 408 972; x_wconf 89' lang='lat' dir='ltr'>circa</span> <span class='ocrx_word' id='word_1_43' title='bbox 420 912 514 972; x_wconf 92' lang='lat' dir='ltr'>ludum</span> <span class='ocrx_word' id='word_1_44' title='bbox 525 912 604 971; x_wconf 82' lang='lat' dir='ltr'>faber</span> <span class='ocrx_word' id='word_1_45' title='bbox 614 913 685 971; x_wconf 89' lang='lat' dir='ltr'>imus</span> <span class='ocrx_word' id='word_1_46' title='bbox 698 921 726 971; x_wconf 90' lang='lat' dir='ltr'>ct</span> <span class='ocrx_word' id='word_1_47' title='bbox 737 930 846 988; x_wconf 89' lang='lat' dir='ltr'>ungues</span> 
     </span>
     <span class='ocr_line' id='line_1_9' title="bbox 172 995 849 1074; baseline -0.004 -17"><span class='ocrx_word' id='word_1_48' title='bbox 172 996 319 1074; x_wconf 82' lang='lat' dir='ltr'>Exprimet</span> <span class='ocrx_word' id='word_1_49' title='bbox 329 1004 359 1055; x_wconf 87' lang='lat' dir='ltr'>et</span> <span class='ocrx_word' id='word_1_50' title='bbox 369 995 470 1056; x_wconf 87' lang='lat' dir='ltr'>molles</span> <span class='ocrx_word' id='word_1_51' title='bbox 482 995 632 1055; x_wconf 76' lang='lat' dir='ltr'>imitabitur</span> <span class='ocrx_word' id='word_1_52' title='bbox 641 1013 707 1054; x_wconf 90' lang='lat' dir='ltr'>aere</span> <span class='ocrx_word' id='word_1_53' title='bbox 719 995 849 1072; x_wconf 86' lang='lat' dir='ltr'>capillos,</span> 
     </span>
     <span class='ocr_line' id='line_1_10' title="bbox 174 1079 824 1158; baseline -0.003 -19"><span class='ocrx_word' id='word_1_54' title='bbox 174 1079 276 1140; x_wconf 86' lang='lat' dir='ltr'>lnlelix</span> <span class='ocrx_word' id='word_1_55' title='bbox 288 1081 384 1158; x_wconf 90' lang='lat' dir='ltr'>operis</span> <span class='ocrx_word' id='word_1_56' title='bbox 400 1097 522 1154; x_wconf 87' lang='lat' dir='ltr'>summa,</span> <span class='ocrx_word' id='word_1_57' title='bbox 541 1080 604 1157; x_wconf 91' lang='lat' dir='ltr'>quia</span> <span class='ocrx_word' id='word_1_58' title='bbox 616 1096 724 1156; x_wconf 89' lang='lat' dir='ltr'>ponere</span> <span class='ocrx_word' id='word_1_59' title='bbox 735 1087 824 1137; x_wconf 89' lang='lat' dir='ltr'>totum</span> 
     </span>
    </p>

    <p class='ocr_par' dir='ltr' id='par_1_5' title="bbox 111 1162 964 1492">
     <span class='ocr_line' id='line_1_11' title="bbox 111 1162 964 1242; baseline -0.004 -17"><span class='ocrx_word' id='word_1_60' title='bbox 111 1163 152 1225; x_wconf 84' lang='lat'>35</span> <span class='ocrx_word' id='word_1_61' title='bbox 173 1164 304 1225; x_wconf 88' lang='lat' dir='ltr'>Nesciet:</span> <span class='ocrx_word' id='word_1_62' title='bbox 322 1163 396 1222; x_wconf 91' lang='lat' dir='ltr'>huno</span> <span class='ocrx_word' id='word_1_63' title='bbox 407 1179 463 1240; x_wconf 87' lang='lat' dir='ltr'>ego</span> <span class='ocrx_word' id='word_1_64' title='bbox 475 1181 536 1238; x_wconf 89' lang='lat' dir='ltr'>me,</span> <span class='ocrx_word' id='word_1_65' title='bbox 557 1164 581 1221; x_wconf 90' lang='lat' dir='ltr'>si</span> <span class='ocrx_word' id='word_1_66' title='bbox 595 1162 662 1240; x_wconf 90' lang='lat' dir='ltr'>quid</span> <span class='ocrx_word' id='word_1_67' title='bbox 676 1179 847 1241; x_wconf 82' lang='lat' dir='ltr'>componere</span> <span class='ocrx_word' id='word_1_68' title='bbox 860 1180 964 1242; x_wconf 86' lang='lat' dir='ltr'>curem,</span> 
     </span>
     <span class='ocr_line' id='line_1_12' title="bbox 174 1245 918 1324; baseline -0.003 -18"><span class='ocrx_word' id='word_1_69' title='bbox 174 1247 238 1307; x_wconf 91' lang='lat' dir='ltr'>Non</span> <span class='ocrx_word' id='word_1_70' title='bbox 249 1248 339 1324; x_wconf 87' lang='lat' dir='ltr'>magis</span> <span class='ocrx_word' id='word_1_71' title='bbox 351 1264 416 1305; x_wconf 87' lang='lat' dir='ltr'>esse</span> <span class='ocrx_word' id='word_1_72' title='bbox 427 1245 529 1322; x_wconf 89' lang='lat' dir='ltr'>velim,</span> <span class='ocrx_word' id='word_1_73' title='bbox 547 1265 629 1323; x_wconf 91' lang='lat' dir='ltr'>quarn</span> <span class='ocrx_word' id='word_1_74' title='bbox 640 1263 709 1305; x_wconf 88' lang='lat' dir='ltr'>naso</span> <span class='ocrx_word' id='word_1_75' title='bbox 721 1248 818 1305; x_wconf 86' lang='lat' dir='ltr'>vivere</span> <span class='ocrx_word' id='word_1_76' title='bbox 830 1262 918 1322; x_wconf 87' lang='lat' dir='ltr'>pravo</span> 
     </span>
     <span class='ocr_line' id='line_1_13' title="bbox 175 1329 847 1410; baseline -0.003 -20"><span class='ocrx_word' id='word_1_77' title='bbox 175 1329 364 1410; x_wconf 89' lang='lat' dir='ltr'>Spectandum</span> <span class='ocrx_word' id='word_1_78' title='bbox 377 1331 466 1407; x_wconf 87' lang='lat' dir='ltr'>nigris</span> <span class='ocrx_word' id='word_1_79' title='bbox 480 1329 570 1388; x_wconf 92' lang='lat' dir='ltr'>oculis</span> <span class='ocrx_word' id='word_1_80' title='bbox 582 1332 720 1407; x_wconf 89' lang='lat' dir='ltr'>nigroque</span> <span class='ocrx_word' id='word_1_81' title='bbox 733 1329 847 1407; x_wconf 88' lang='lat' dir='ltr'>capillo.</span> 
     </span>
     <span class='ocr_line' id='line_1_14' title="bbox 175 1414 905 1492; baseline 0 -19"><span class='ocrx_word' id='word_1_82' title='bbox 175 1414 281 1473; x_wconf 83' lang='lat' dir='ltr'>Sumite</span> <span class='ocrx_word' id='word_1_83' title='bbox 292 1416 432 1478; x_wconf 85' lang='lat' dir='ltr'>materiam</span> <span class='ocrx_word' id='word_1_84' title='bbox 444 1415 556 1490; x_wconf 88' lang='lat' dir='ltr'>vestris,</span> <span class='ocrx_word' id='word_1_85' title='bbox 576 1417 623 1491; x_wconf 94' lang='lat' dir='ltr'>qui</span> <span class='ocrx_word' id='word_1_86' title='bbox 636 1414 770 1489; x_wconf 90' lang='lat' dir='ltr'>scribitis,</span> <span class='ocrx_word' id='word_1_87' title='bbox 785 1432 905 1492; x_wconf 90' lang='lat' dir='ltr'>aequam</span> 
     </span>
    </p>

    <p class='ocr_par' dir='ltr' id='par_1_6' title="bbox 151 1497 874 1575">
     <span class='ocr_line' id='line_1_15' title="bbox 151 1497 874 1575; baseline 0 -19"><span class='ocrx_word' id='word_1_88' title='bbox 151 1500 154 1507; x_wconf 81' lang='grc'><em>’</em></span> <span class='ocrx_word' id='word_1_89' title='bbox 172 1497 303 1574; x_wconf 76' lang='lat' dir='ltr'>Viribus,</span> <span class='ocrx_word' id='word_1_90' title='bbox 320 1507 349 1556; x_wconf 95' lang='lat' dir='ltr'>et</span> <span class='ocrx_word' id='word_1_91' title='bbox 360 1507 471 1557; x_wconf 83' lang='lat' dir='ltr'>versate</span> <span class='ocrx_word' id='word_1_92' title='bbox 483 1498 545 1573; x_wconf 92' lang='lat' dir='ltr'>diu,</span> <span class='ocrx_word' id='word_1_93' title='bbox 564 1498 629 1575; x_wconf 91' lang='lat' dir='ltr'>quid</span> <span class='ocrx_word' id='word_1_94' title='bbox 641 1498 717 1556; x_wconf 84' lang='lat' dir='ltr'>ferre</span> <span class='ocrx_word' id='word_1_95' title='bbox 731 1506 874 1569; x_wconf 81' lang='lat' dir='ltr'>recusent,</span> 
     </span>
    </p>

    <p class='ocr_par' dir='ltr' id='par_1_7' title="bbox 111 1580 948 1908">
     <span class='ocr_line' id='line_1_16' title="bbox 111 1580 948 1660; baseline 0.002 -20"><span class='ocrx_word' id='word_1_96' title='bbox 111 1583 153 1647; x_wconf 81' lang='grc'>40</span> <span class='ocrx_word' id='word_1_97' title='bbox 175 1581 249 1655; x_wconf 84' lang='lat' dir='ltr'>Quid</span> <span class='ocrx_word' id='word_1_98' title='bbox 260 1581 371 1642; x_wconf 85' lang='lat' dir='ltr'>valeant</span> <span class='ocrx_word' id='word_1_99' title='bbox 385 1582 502 1641; x_wconf 88' lang='lat' dir='ltr'>humeri.</span> <span class='ocrx_word' id='word_1_100' title='bbox 527 1580 579 1640; x_wconf 84' lang='lat' dir='ltr'>Cui</span> <span class='ocrx_word' id='word_1_101' title='bbox 591 1581 664 1640; x_wconf 90' lang='lat' dir='ltr'>lecta</span> <span class='ocrx_word' id='word_1_102' title='bbox 681 1590 811 1659; x_wconf 90' lang='lat' dir='ltr'>potenter</span> <span class='ocrx_word' id='word_1_103' title='bbox 826 1583 948 1660; x_wconf 88' lang='lat' dir='ltr'>eritres,</span> 
     </span>
     <span class='ocr_line' id='line_1_17' title="bbox 172 1663 861 1726; baseline -0.003 0"><span class='ocrx_word' id='word_1_104' title='bbox 172 1665 234 1726; x_wconf 88' lang='lat' dir='ltr'>Nec</span> <span class='ocrx_word' id='word_1_105' title='bbox 246 1664 374 1725; x_wconf 90' lang='lat' dir='ltr'>iacundia</span> <span class='ocrx_word' id='word_1_106' title='bbox 385 1664 499 1725; x_wconf 89' lang='lat' dir='ltr'>deseret</span> <span class='ocrx_word' id='word_1_107' title='bbox 510 1666 583 1725; x_wconf 85' lang='lat' dir='ltr'>lnrno</span> <span class='ocrx_word' id='word_1_108' title='bbox 593 1683 647 1725; x_wconf 88' lang='lat' dir='ltr'>nec</span> <span class='ocrx_word' id='word_1_109' title='bbox 658 1664 767 1724; x_wconf 88' lang='lat' dir='ltr'>lucidus</span> <span class='ocrx_word' id='word_1_110' title='bbox 781 1663 861 1724; x_wconf 93' lang='lat' dir='ltr'>ordo.</span> 
     </span>
     <span class='ocr_line' id='line_1_18' title="bbox 174 1749 932 1827; baseline 0 -17"><span class='ocrx_word' id='word_1_111' title='bbox 174 1749 286 1810; x_wconf 91' lang='lat' dir='ltr'>Ordinis</span> <span class='ocrx_word' id='word_1_112' title='bbox 297 1750 369 1808; x_wconf 89' lang='lat' dir='ltr'>baec</span> <span class='ocrx_word' id='word_1_113' title='bbox 380 1751 468 1809; x_wconf 83' lang='lat' dir='ltr'>virtus</span> <span class='ocrx_word' id='word_1_114' title='bbox 480 1751 534 1808; x_wconf 87' lang='lat' dir='ltr'>erit</span> <span class='ocrx_word' id='word_1_115' title='bbox 545 1758 573 1807; x_wconf 90' lang='lat' dir='ltr'>et</span> <span class='ocrx_word' id='word_1_116' title='bbox 584 1767 691 1825; x_wconf 90' lang='lat' dir='ltr'>venus,</span> <span class='ocrx_word' id='word_1_117' title='bbox 712 1758 759 1808; x_wconf 88' lang='lat' dir='ltr'>aut</span> <span class='ocrx_word' id='word_1_118' title='bbox 771 1765 827 1826; x_wconf 89' lang='lat' dir='ltr'>ego</span> <span class='ocrx_word' id='word_1_119' title='bbox 839 1749 932 1827; x_wconf 85' lang='lat' dir='ltr'>fallor,</span> 
     </span>
     <span class='ocr_line' id='line_1_19' title="bbox 173 1831 816 1908; baseline -0.003 -15"><span class='ocrx_word' id='word_1_120' title='bbox 173 1832 210 1893; x_wconf 91' lang='lat' dir='ltr'>Ut</span> <span class='ocrx_word' id='word_1_121' title='bbox 221 1836 275 1894; x_wconf 89' lang='lat' dir='ltr'>iam</span> <span class='ocrx_word' id='word_1_122' title='bbox 283 1850 357 1892; x_wconf 89' lang='lat' dir='ltr'>nuno</span> <span class='ocrx_word' id='word_1_123' title='bbox 369 1831 443 1892; x_wconf 89' lang='lat' dir='ltr'>dicat</span> <span class='ocrx_word' id='word_1_124' title='bbox 457 1836 511 1892; x_wconf 91' lang='lat' dir='ltr'>iam</span> <span class='ocrx_word' id='word_1_125' title='bbox 521 1850 594 1891; x_wconf 90' lang='lat' dir='ltr'>nunc</span> <span class='ocrx_word' id='word_1_126' title='bbox 607 1832 736 1893; x_wconf 92' lang='lat' dir='ltr'>debentia</span> <span class='ocrx_word' id='word_1_127' title='bbox 751 1831 816 1908; x_wconf 87' lang='lat' dir='ltr'>dici,</span> 
     </span>
    </p>

    <p class='ocr_par' dir='ltr' id='par_1_8' title="bbox 114 1915 917 1995">
     <span class='ocr_line' id='line_1_20' title="bbox 114 1915 917 1995; baseline 0.002 -19"><span class='ocrx_word' id='word_1_128' title='bbox 114 1986 117 1991; x_wconf 27' lang='lat'>¹</span> <span class='ocrx_word' id='word_1_129' title='bbox 173 1916 311 1994; x_wconf 86' lang='lat' dir='ltr'>Pleraque</span> <span class='ocrx_word' id='word_1_130' title='bbox 323 1915 433 1976; x_wconf 86' lang='lat' dir='ltr'>differat</span> <span class='ocrx_word' id='word_1_131' title='bbox 444 1926 473 1975; x_wconf 91' lang='lat' dir='ltr'>et</span> <span class='ocrx_word' id='word_1_132' title='bbox 484 1934 619 1993; x_wconf 87' lang='lat' dir='ltr'>praesens</span> <span class='ocrx_word' id='word_1_133' title='bbox 631 1919 658 1975; x_wconf 93' lang='lat' dir='ltr'>in</span> <span class='ocrx_word' id='word_1_134' title='bbox 672 1926 783 1995; x_wconf 88' lang='lat' dir='ltr'>tempus</span> <span class='ocrx_word' id='word_1_135' title='bbox 796 1918 917 1986; x_wconf 87' lang='lat' dir='ltr'>omittat;</span> 
     </span>
    </p>

    <p class='ocr_par' dir='ltr' id='par_1_9' title="bbox 110 1999 940 2397">
     <span class='ocr_line' id='line_1_21' title="bbox 110 1999 938 2076; baseline 0.002 -17"><span class='ocrx_word' id='word_1_136' title='bbox 110 2004 150 2067; x_wconf 78' lang='grc'>45</span> <span class='ocrx_word' id='word_1_137' title='bbox 172 2001 235 2060; x_wconf 88' lang='lat' dir='ltr'>Hoc</span> <span class='ocrx_word' id='word_1_138' title='bbox 246 2007 335 2074; x_wconf 87' lang='lat' dir='ltr'>amet,</span> <span class='ocrx_word' id='word_1_139' title='bbox 350 1999 406 2057; x_wconf 91' lang='lat' dir='ltr'>boc</span> <span class='ocrx_word' id='word_1_140' title='bbox 417 2007 531 2075; x_wconf 92' lang='lat' dir='ltr'>spernat</span> <span class='ocrx_word' id='word_1_141' title='bbox 543 2001 674 2076; x_wconf 92' lang='lat' dir='ltr'>promissi</span> <span class='ocrx_word' id='word_1_142' title='bbox 687 2002 815 2060; x_wconf 88' lang='lat' dir='ltr'>carminis</span> <span class='ocrx_word' id='word_1_143' title='bbox 830 2011 938 2062; x_wconf 87' lang='lat' dir='ltr'>auctor.</span> 
     </span>
     <span class='ocr_line' id='line_1_22' title="bbox 173 2082 829 2160; baseline 0.005 -19"><span class='ocrx_word' id='word_1_144' title='bbox 173 2082 205 2151; x_wconf 89' lang='lat' dir='ltr'>lp</span> <span class='ocrx_word' id='word_1_145' title='bbox 216 2082 311 2141; x_wconf 89' lang='lat' dir='ltr'>verbis</span> <span class='ocrx_word' id='word_1_146' title='bbox 323 2083 407 2147; x_wconf 86' lang='lat' dir='ltr'>ctiam</span> <span class='ocrx_word' id='word_1_147' title='bbox 418 2084 510 2141; x_wconf 87' lang='lat' dir='ltr'>tenuis</span> <span class='ocrx_word' id='word_1_148' title='bbox 523 2090 678 2160; x_wconf 91' lang='lat' dir='ltr'>cautusque</span> <span class='ocrx_word' id='word_1_149' title='bbox 690 2084 829 2160; x_wconf 87' lang='lat' dir='ltr'>serendis,</span> 
     </span>
     <span class='ocr_line' id='line_1_23' title="bbox 171 2164 820 2243; baseline 0.003 -17"><span class='ocrx_word' id='word_1_150' title='bbox 171 2164 285 2226; x_wconf 84' lang='lat' dir='ltr'>Dixeris</span> <span class='ocrx_word' id='word_1_151' title='bbox 298 2167 430 2243; x_wconf 87' lang='lat' dir='ltr'>egregie,</span> <span class='ocrx_word' id='word_1_152' title='bbox 446 2175 542 2226; x_wconf 90' lang='lat' dir='ltr'>notum</span> <span class='ocrx_word' id='word_1_153' title='bbox 553 2170 577 2227; x_wconf 92' lang='lat' dir='ltr'>si</span> <span class='ocrx_word' id='word_1_154' title='bbox 590 2167 690 2229; x_wconf 89' lang='lat' dir='ltr'>callida</span> <span class='ocrx_word' id='word_1_155' title='bbox 703 2170 820 2229; x_wconf 87' lang='lat' dir='ltr'>verbum</span> 
     </span>
     <span class='ocr_line' id='line_1_24' title="bbox 171 2249 940 2324; baseline 0.003 -14"><span class='ocrx_word' id='word_1_156' title='bbox 171 2249 337 2310; x_wconf 86' lang='lat' dir='ltr'>Reddidcrit</span> <span class='ocrx_word' id='word_1_157' title='bbox 348 2251 473 2311; x_wconf 90' lang='lat' dir='ltr'>iunctura</span> <span class='ocrx_word' id='word_1_158' title='bbox 484 2267 597 2311; x_wconf 88' lang='lat' dir='ltr'>novum.</span> <span class='ocrx_word' id='word_1_159' title='bbox 621 2252 651 2312; x_wconf 86' lang='lat' dir='ltr'>Si</span> <span class='ocrx_word' id='word_1_160' title='bbox 663 2253 737 2312; x_wconf 89' lang='lat' dir='ltr'>iorte</span> <span class='ocrx_word' id='word_1_161' title='bbox 748 2271 870 2312; x_wconf 89' lang='lat' dir='ltr'>necesse</span> <span class='ocrx_word' id='word_1_162' title='bbox 882 2262 940 2324; x_wconf 86' lang='lat' dir='ltr'>est,</span> 
     </span>
     <span class='ocr_line' id='line_1_25' title="bbox 171 2333 848 2397; baseline 0.003 -4"><span class='ocrx_word' id='word_1_163' title='bbox 171 2333 285 2395; x_wconf 86' lang='lat' dir='ltr'>Iudiciis</span> <span class='ocrx_word' id='word_1_164' title='bbox 296 2343 453 2397; x_wconf 88' lang='lat' dir='ltr'>monstrare</span> <span class='ocrx_word' id='word_1_165' title='bbox 463 2337 625 2395; x_wconf 89' lang='lat' dir='ltr'>recentibus</span> <span class='ocrx_word' id='word_1_166' title='bbox 636 2336 728 2396; x_wconf 87' lang='lat' dir='ltr'>abdita</span> <span class='ocrx_word' id='word_1_167' title='bbox 739 2355 848 2395; x_wconf 87' lang='lat' dir='ltr'>rerum:</span> 
     </span>
    </p>

    <p class='ocr_par' dir='ltr' id='par_1_10' title="bbox 110 2417 961 2581">
     <span class='ocr_line' id='line_1_26' title="bbox 110 2417 795 2497; baseline -0.001 -16"><span class='ocrx_word' id='word_1_168' title='bbox 110 2418 150 2481; x_wconf 84' lang='lat' dir='ltr'>bO</span> <span class='ocrx_word' id='word_1_169' title='bbox 168 2417 290 2496; x_wconf 81' lang='lat' dir='ltr'>Fingere</span> <span class='ocrx_word' id='word_1_170' title='bbox 305 2421 434 2479; x_wconf 88' lang='lat' dir='ltr'>cinctutis</span> <span class='ocrx_word' id='word_1_171' title='bbox 449 2437 506 2478; x_wconf 91' lang='lat' dir='ltr'>non</span> <span class='ocrx_word' id='word_1_172' title='bbox 516 2419 645 2479; x_wconf 87' lang='lat' dir='ltr'>exaudita</span> <span class='ocrx_word' id='word_1_173' title='bbox 659 2418 795 2497; x_wconf 80' lang='lat' dir='ltr'>Cethegis</span> 
     </span>
     <span class='ocr_line' id='line_1_27' title="bbox 172 2500 961 2581; baseline 0.001 -19"><span class='ocrx_word' id='word_1_174' title='bbox 172 2500 322 2580; x_wconf 80' lang='lat' dir='ltr'>Continget</span> <span class='ocrx_word' id='word_1_175' title='bbox 333 2502 498 2579; x_wconf 85' lang='lat' dir='ltr'>dabiturque</span> <span class='ocrx_word' id='word_1_176' title='bbox 510 2502 623 2563; x_wconf 90' lang='lat' dir='ltr'>licentia</span> <span class='ocrx_word' id='word_1_177' title='bbox 636 2513 724 2563; x_wconf 88' lang='lat' dir='ltr'>sumta</span> <span class='ocrx_word' id='word_1_178' title='bbox 736 2504 894 2581; x_wconf 89' lang='lat' dir='ltr'>pudenter,&#39;</span> <span class='ocrx_word' id='word_1_179' title='bbox 960 2574 961 2578; x_wconf 6' lang='grc' dir='ltr'><strong>Ἰ</strong></span> 
     </span>
    </p>

    <p class='ocr_par' dir='ltr' id='par_1_11' title="bbox 87 2585 945 3420">
     <span class='ocr_line' id='line_1_28' title="bbox 154 2585 926 2665; baseline 0.003 -19"><span class='ocrx_word' id='word_1_180' title='bbox 154 2585 207 2646; x_wconf 81' lang='lat' dir='ltr'>-Et</span> <span class='ocrx_word' id='word_1_181' title='bbox 217 2601 290 2644; x_wconf 87' lang='lat' dir='ltr'>nova</span> <span class='ocrx_word' id='word_1_182' title='bbox 302 2586 422 2664; x_wconf 84' lang='lat' dir='ltr'>fictaque</span> <span class='ocrx_word' id='word_1_183' title='bbox 434 2604 523 2663; x_wconf 92' lang='lat' dir='ltr'>nuper</span> <span class='ocrx_word' id='word_1_184' title='bbox 533 2588 675 2647; x_wconf 86' lang='lat' dir='ltr'>habebunt</span> <span class='ocrx_word' id='word_1_185' title='bbox 684 2588 770 2646; x_wconf 85' lang='lat' dir='ltr'>verba</span> <span class='ocrx_word' id='word_1_186' title='bbox 783 2588 882 2665; x_wconf 85' lang='lat' dir='ltr'>iidem,</span> <span class='ocrx_word' id='word_1_187' title='bbox 902 2590 926 2648; x_wconf 92' lang='lat' dir='ltr'>si</span> 
     </span>
     <span class='ocr_line' id='line_1_29' title="bbox 170 2668 913 2748; baseline 0.004 -19"><span class='ocrx_word' id='word_1_188' title='bbox 170 2668 280 2729; x_wconf 85' lang='lat' dir='ltr'>Graeco</span> <span class='ocrx_word' id='word_1_189' title='bbox 291 2669 370 2729; x_wconf 85' lang='lat' dir='ltr'>fonte</span> <span class='ocrx_word' id='word_1_190' title='bbox 383 2669 483 2729; x_wconf 89' lang='lat' dir='ltr'>cadent</span> <span class='ocrx_word' id='word_1_191' title='bbox 494 2688 581 2748; x_wconf 89' lang='lat' dir='ltr'>parce</span> <span class='ocrx_word' id='word_1_192' title='bbox 592 2670 710 2730; x_wconf 88' lang='lat' dir='ltr'>detorta.</span> <span class='ocrx_word' id='word_1_193' title='bbox 734 2671 808 2744; x_wconf 84' lang='lat' dir='ltr'>Quid</span> <span class='ocrx_word' id='word_1_194' title='bbox 820 2681 913 2732; x_wconf 88' lang='lat' dir='ltr'>autem</span> 
     </span>
     <span class='ocr_line' id='line_1_30' title="bbox 170 2752 879 2832; baseline 0.001 -18"><span class='ocrx_word' id='word_1_195' title='bbox 170 2752 295 2814; x_wconf 84' lang='lat' dir='ltr'>Caecilio</span> <span class='ocrx_word' id='word_1_196' title='bbox 307 2753 462 2832; x_wconf 87' lang='lat' dir='ltr'>Plautoque</span> <span class='ocrx_word' id='word_1_197' title='bbox 474 2754 549 2813; x_wconf 93' lang='lat' dir='ltr'>dabit</span> <span class='ocrx_word' id='word_1_198' title='bbox 561 2754 721 2830; x_wconf 88' lang='lat' dir='ltr'>Romanus,</span> <span class='ocrx_word' id='word_1_199' title='bbox 740 2755 879 2815; x_wconf 90' lang='lat' dir='ltr'>ademtum</span> 
     </span>
     <span class='ocr_line' id='line_1_31' title="bbox 87 2836 886 2917; baseline -0.006 -14"><span class='ocrx_word' id='word_1_200' title='bbox 87 2839 147 2903; x_wconf 53' lang='lat' dir='ltr'>,db</span> <span class='ocrx_word' id='word_1_201' title='bbox 169 2837 290 2915; x_wconf 80' lang='lat' dir='ltr'>Virgilio</span> <span class='ocrx_word' id='word_1_202' title='bbox 300 2836 464 2916; x_wconf 75' lang='lat' dir='ltr'>Varioque?</span> <span class='ocrx_word' id='word_1_203' title='bbox 479 2838 543 2916; x_wconf 82' lang='lat' dir='ltr'>Ego</span> <span class='ocrx_word' id='word_1_204' title='bbox 557 2857 620 2913; x_wconf 92' lang='lat' dir='ltr'>cur,</span> <span class='ocrx_word' id='word_1_205' title='bbox 637 2841 786 2917; x_wconf 86' lang='lat' dir='ltr'>acquirere</span> <span class='ocrx_word' id='word_1_206' title='bbox 797 2857 886 2916; x_wconf 89' lang='lat' dir='ltr'>pauca</span> 
     </span>
     <span class='ocr_line' id='line_1_32' title="bbox 170 2921 945 3000; baseline 0.004 -20"><span class='ocrx_word' id='word_1_207' title='bbox 170 2923 200 2980; x_wconf 89' lang='lat' dir='ltr'>Si</span> <span class='ocrx_word' id='word_1_208' title='bbox 212 2938 343 2999; x_wconf 89' lang='lat' dir='ltr'>possum,</span> <span class='ocrx_word' id='word_1_209' title='bbox 360 2921 505 2998; x_wconf 89' lang='lat' dir='ltr'>invideor,</span> <span class='ocrx_word' id='word_1_210' title='bbox 523 2940 585 2980; x_wconf 88' lang='lat' dir='ltr'>cum</span> <span class='ocrx_word' id='word_1_211' title='bbox 597 2921 691 3000; x_wconf 87' lang='lat' dir='ltr'>lingua</span> <span class='ocrx_word' id='word_1_212' title='bbox 705 2922 820 2983; x_wconf 83' lang='lat' dir='ltr'>Catonis</span> <span class='ocrx_word' id='word_1_213' title='bbox 832 2932 861 2983; x_wconf 93' lang='lat' dir='ltr'>et</span> <span class='ocrx_word' id='word_1_214' title='bbox 872 2922 945 2983; x_wconf 87' lang='lat' dir='ltr'>Enni</span> 
     </span>
     <span class='ocr_line' id='line_1_33' title="bbox 168 3005 831 3081; baseline 0.003 -16"><span class='ocrx_word' id='word_1_215' title='bbox 168 3007 333 3081; x_wconf 75' lang='lat' dir='ltr'>Sermonem</span> <span class='ocrx_word' id='word_1_216' title='bbox 345 3007 461 3081; x_wconf 88' lang='lat' dir='ltr'>patrium</span> <span class='ocrx_word' id='word_1_217' title='bbox 473 3005 602 3065; x_wconf 88' lang='lat' dir='ltr'>ditaverit</span> <span class='ocrx_word' id='word_1_218' title='bbox 613 3015 641 3065; x_wconf 92' lang='lat' dir='ltr'>et</span> <span class='ocrx_word' id='word_1_219' title='bbox 652 3024 724 3067; x_wconf 91' lang='lat' dir='ltr'>nova</span> <span class='ocrx_word' id='word_1_220' title='bbox 738 3026 831 3067; x_wconf 88' lang='lat' dir='ltr'>rerum</span> 
     </span>
     <span class='ocr_line' id='line_1_34' title="bbox 195 3085 861 3169; baseline 0.002 -20"><span class='ocrx_word' id='word_1_221' title='bbox 195 3091 287 3149; x_wconf 89' lang='lat' dir='ltr'>omina</span> <span class='ocrx_word' id='word_1_222' title='bbox 300 3085 466 3164; x_wconf 86' lang='lat' dir='ltr'>protulerit?</span> <span class='ocrx_word' id='word_1_223' title='bbox 480 3088 571 3147; x_wconf 88' lang='lat' dir='ltr'>Licuit</span> <span class='ocrx_word' id='word_1_224' title='bbox 581 3106 750 3169; x_wconf 88' lang='lat' dir='ltr'>semperque</span> <span class='ocrx_word' id='word_1_225' title='bbox 762 3091 861 3151; x_wconf 91' lang='lat' dir='ltr'>licebit</span> 
     </span>
     <span class='ocr_line' id='line_1_35' title="bbox 240 3170 843 3248; baseline 0.008 -19"><span class='ocrx_word' id='word_1_226' title='bbox 240 3179 313 3230; x_wconf 89' lang='lat' dir='ltr'>atum</span> <span class='ocrx_word' id='word_1_227' title='bbox 323 3180 472 3248; x_wconf 89' lang='lat' dir='ltr'>praesente</span> <span class='ocrx_word' id='word_1_228' title='bbox 481 3179 549 3231; x_wconf 89' lang='lat' dir='ltr'>nota</span> <span class='ocrx_word' id='word_1_229' title='bbox 559 3170 716 3246; x_wconf 88' lang='lat' dir='ltr'>producere</span> <span class='ocrx_word' id='word_1_230' title='bbox 731 3192 843 3235; x_wconf 89' lang='lat' dir='ltr'>nomen.</span> 
     </span>
     <span class='ocr_line' id='line_1_36' title="bbox 231 3253 803 3338; baseline 0.005 -22"><span class='ocrx_word' id='word_1_231' title='bbox 231 3253 305 3316; x_wconf 85' lang='lat' dir='ltr'>ilvae</span> <span class='ocrx_word' id='word_1_232' title='bbox 315 3255 391 3315; x_wconf 88' lang='lat' dir='ltr'>loliis</span> <span class='ocrx_word' id='word_1_233' title='bbox 403 3272 509 3332; x_wconf 89' lang='lat' dir='ltr'>pronos</span> <span class='ocrx_word' id='word_1_234' title='bbox 519 3256 695 3338; x_wconf 20' lang='lat' dir='ltr'>mutanturgin</span> <span class='ocrx_word' id='word_1_235' title='bbox 706 3277 803 3334; x_wconf 90' lang='lat' dir='ltr'>annos,</span> 
     </span>
     <span class='ocr_line' id='line_1_37' title="bbox 270 3339 893 3420; baseline 0.008 -22"><span class='ocrx_word' id='word_1_236' title='bbox 270 3339 384 3400; x_wconf 91' lang='lat' dir='ltr'>cadunt:</span> <span class='ocrx_word' id='word_1_237' title='bbox 398 3343 435 3401; x_wconf 90' lang='lat' dir='ltr'>ita</span> <span class='ocrx_word' id='word_1_238' title='bbox 446 3341 598 3401; x_wconf 87' lang='lat' dir='ltr'>verborum</span> <span class='ocrx_word' id='word_1_239' title='bbox 608 3347 689 3400; x_wconf 88' lang='lat' dir='ltr'>vetus</span> <span class='ocrx_word' id='word_1_240' title='bbox 701 3344 793 3402; x_wconf 89' lang='lat' dir='ltr'>interit</span> <span class='ocrx_word' id='word_1_241' title='bbox 804 3350 893 3420; x_wconf 84' lang='lat' dir='ltr'>aetas,</span> 
     </span>
    </p>
   </div>
   <div class='ocr_carea' id='block_1_3' title="bbox 0 0 1138 3878">
    <p class='ocr_par' dir='ltr' id='par_1_12' title="bbox 0 0 1138 3878">
     <span class='ocr_line' id='line_1_38' title="bbox 0 0 1138 3878; baseline 0 0"><span class='ocrx_word' id='word_1_242' title='bbox 0 0 1138 3878; x_wconf 95' lang='lat' dir='ltr'> </span> 
     </span>
    </p>
   </div>
  </div>
 </body>
</html>
