2266 3878
227 422 405 500 spectandus
417 425 446 484 in
456 427 611 486 certamine
622 424 735 504 Martio,

226 504 338 567 Devota
349 511 431 568 morti
442 518 560 587 peotora
570 510 679 570 liberae

280 587 398 662 Quantis
409 578 539 671 fatigare‘t
550 595 649 668 ruinis,
660 621 675 634 -

316 672 468 737 Indomitos
480 694 570 756 prope
582 677 673 756 qualis
689 670 778 738 nnda‘s

225 797 350 860 Exercet
359 799 474 877 Auster,
491 800 636 863 Pleiadum
648 803 736 863 ohoro

178 896 180 903 ·
227 881 492 963 Scindentenubes,
505 887 650 964 -impiger
665 887 786 946 hostium

275 964 388 1028 Vexare
399 978 502 1029 turmas
522 979 552 1030 et
562 970 727 1030 frementem

316 1050 429 1113 Mittere
439 1071 543 1131 equam
552 1052 662 1112 medios
672 1070 725 1132 per
735 1057 828 1132 ignes.

229 1179 277 1237 Sio
288 1178 457 1238 tauriformis
467 1177 590 1238 volvitur
599 1178 728 1255 Aufidus,

133 1298 137 1309 ·
227 1260 282 1335 Qui
297 1279 384 1339 regna
393 1259 483 1322 Dauni
496 1261 625 1340 praefluit
635 1261 751 1341 Appuli,

237 1392 239 1397 2
276 1344 346 1405 Cum
358 1347 457 1406 saevit
466 1345 689 1425 horrendamque
701 1346 785 1406 oditis

316 1427 458 1489 Diluviem
468 1429 616 1490 meditatur
626 1433 713 1508 agris,

225 1555 262 1615 Ut
272 1555 452 1616 barbarorum
466 1552 600 1615 Claudius
613 1557 723 1633 agmina

226 1638 341 1700 Ferrato
350 1649 432 1700 vasto
451 1639 534 1699 diruit
546 1642 662 1718 impetu,

277 1722 443 1802 Primusque
458 1733 487 1785 et
497 1733 641 1784 extremos
651 1722 783 1802 metendo

319 1809 422 1868 Stravit
432 1808 554 1885 humum,
567 1809 629 1867 sine
641 1805 720 1868 clade
730 1808 833 1884 vietor,

225 1931 266 1992 'l'e
278 1933 396 2010 copias,
409 1940 437 1991 te
450 1930 596 1991 eonsilium
611 1941 640 1991 et
654 1941 719 1991 tuos
818 1945 821 1949 ·

224 2015 381 2076 Praebente
393 2015 484 2075 divos.
520 2013 591 2075 Nam
603 2016 664 2091 tihi,
678 2032 734 2095 quo
750 2015 796 2076 die

274 2099 373 2158 Portus
384 2096 561 2159 Alexandrea
573 2099 694 2177 supplex
716 2152 719 2157 .

315 2183 353 2244 Et
362 2201 476 2244 vacuam
488 2182 622 2261 patefecit
632 2182 732 2261 aulam,

223 2310 347 2372 Fortuna
358 2309 447 2369 lustro
460 2324 598 2387 prospera
608 2310 692 2367 tertio

222 2394 294 2456 Belli
306 2392 448 2456 secundos
462 2390 583 2453 reddidit
593 2393 694 2467 exitus,

274 2479 455 2558 laudemque
468 2485 497 2537 et
508 2484 632 2554 optatum
644 2475 767 2554 peractis

314 2562 443 2642 Imperiis
454 2561 543 2622 denus
554 2560 703 2645 arrogavit.

222 2696 262 2758 Te
274 2696 414 2760 Cantaber
425 2713 481 2756 non
492 2703 556 2756 ante
567 2691 713 2755 domabilis

171 2854 175 2865 Ι
222 2780 380 2861 Medusque
395 2777 530 2856 ellados,
543 2787 571 2838 te
582 2776 720 2857 profugus
730 2775 854 2852 Scythes

271 2865 397 2942 Miratur,
410 2881 428 2925 o
440 2862 527 2924 tutela
539 2879 674 2940 praesens

314 2947 412 3010 ltaliae
424 2947 611 3025 dominaeque
620 2942 739 3005 Romae.

223 3093 275 3170 Te,
291 3093 408 3154 fontium
420 3095 468 3173 qui
479 3092 553 3163 eolat
565 3092 700 3169 origines,

135 3209 140 3220 =
219 3176 358 3258 Nilusque
371 3186 400 3238 et
409 3176 499 3253 Ister,
511 3185 540 3236 te
551 3174 664 3253 rapidus
676 3172 780 3251 Tigris,

270 3261 312 3323 Te
322 3260 469 3322 helluosus
481 3262 529 3341 qui
540 3260 656 3320 remotis

196 3436 204 3449 „
315 3345 460 3424 Obstrepit
481 3343 612 3407 Oceanus
623 3341 773 3416 Britannis,
