2266 3878
116 276 200 345 isaw
289 220 290 224 Ὺ

115 599 155 660 35

498 243 703 339 ἰιιιιιιοιιι
776 309 778 316 1
878 295 889 359 χ
937 281 956 358 [ι

238 431 339 490 Virens
350 428 379 488 in
390 429 479 490 Aetna
489 430 613 499 damma;
632 438 679 506 tu‚'
696 410 788 490 donee
800 432 872 489 einis

238 512 384 578 Iniuriosis
396 513 488 574 aridus
498 514 590 573 ventis
603 512 689 591 ferar,

203 608 205 615 '
241 595 325 658 Celes
335 599 452 656 venenis
464 596 576 656 officina
588 594 742 668 Colchicis.

239 680 321 754 Quae
334 681 396 740 linis
407 688 455 740 aut
471 679 551 759 quod
559 698 603 739 me
613 689 706 740 manet
720 676 911 759 stipendium?

238 761 347 840 Effare,
359 765 452 824 iussas
465 782 527 824 oum
539 764 593 822 fide
604 780 711 842 poenas
722 764 806 864 luein,
932 801 934 804 <

236 845 350 913 Paratus
364 849 495 925 expiare,
512 864 564 906 seu
578 850 746 925 poposceris

237 930 375 990 Centum
366 948 518 1006 iuvencos
535 948 596 989 sive
607 930 734 990 mendaci
746 929 820 1020 lyra

238 1013 476 1088 Volessonari:‚
480 1012 673 1090 ‚inpudica
689 1003 827 1091 tuprobc't
917 1075 920 1079 .

237 1095 470 1174 „Perambulabis
480 1057 557 1156 distre
568 1095 645 1156 sidus
655 1115 778 1157 aureum
781 1098 804 1132 “

112 1232 114 1243 ,
236 1179 350 1240 lnlamis
363 1179 488 1240 Helenae
500 1177 601 1239 castor
611 1179 811 1241 oll’ensusviee
833 1244 836 1251 ,

236 1262 392 1343 Fraterque
402 1265 494 1340 magni
506 1261 648 1339 Castoris,
660 1265 727 1323 vieti
739 1281 837 1342 prees,
935 1338 938 1350 ι

236 1345 355 1407 Ademta
365 1345 580 1420 retireddidere
590 1344 707 1407 lumina:

235 1429 272 1490 Et
283 1440 312 1490 tu
324 1463 335 1475 ·
349 1439 432 1509 potes
446 1448 509 1490 nam
519 1462 531 1474 ·
542 1429 624 1490 solve
633 1448 680 1489 me
691 1429 839 1507 dementia,
898 1451 903 1458 ·

111 1519 114 1528 ’
195 1505 203 1521 ‘
233 1512 322 1573 Oneo
333 1515 457 1593 paternis
469 1513 598 1574 obsoleta
609 1513 749 1589 sordibus,

231 1595 333 1675 Neque
343 1600 371 1658 in
390 1596 529 1676 sepulcris
541 1613 693 1675 pauperum
709 1596 832 1675 prudens
846 1615 916 1661 anus

234 1679 426 1741 Nouendiales
437 1676 575 1758 dissipare
586 1679 731 1757 pulveres!

233 1762 295 1823 Tibi
306 1763 446 1842 hospitale
458 1773 559 1842 peetus
570 1772 599 1822 et
608 1781 695 1840 purae
706 1782 813 1840 manus,

114 1911 117 1917 ,
233 1844 367 1926 'l'uusque
376 1855 475 1907 venter
486 1849 672 1924 partumeius,
694 1856 723 1907 et
731 1856 780 1907 tuo
896 1884 898 1889 -

39 1945 44 1954 ‘
104 1973 108 1985 ι
234 1927 342 1989 cruore
352 1930 453 1990 rubros
466 1930 603 1990 obstetrix
619 1946 725 2009 pannos
736 1920 829 2006 lavit

103 2060 106 2068 ,
232 2013 381 2092 Utcunque
392 2014 474 2073 lortrs
486 2012 582 2075 exsilis
595 2031 744 2094 puerpera
823 2066 826 2072 .

370 2161 546 2208 caninius
566 2161 797 2210 RESPONSUM.

231 2239 306 2349 Quid
318 2278 457 2339 obseratis
467 2281 580 2341 auribus
591 2280 684 2341 fundis
695 2278 819 2382 preces?

229 2359 293 2420 Non
306 2380 373 2422 saxa
383 2361 464 2422 nudis
478 2364 606 2425 surdiora
620 2367 720 2426 navitis

229 2443 375 2522 Neptunus
387 2445 444 2506 alto
459 2447 548 2507 tundit
561 2448 694 2509 hibernus
706 2448 791 2508 salo.

228 2525 335 2587 Inultus
345 2539 376 2589 nt
386 2539 415 2588 tu
426 2532 523 2591 riseris
536 2529 660 2608 Cotyttla

227 2610 364 2688 Vulgata,
380 2631 488 2673 sacrum
499 2612 581 2675 liberi
593 2613 749 2692 Cupidinis,

225 2693 262 2753 Et
272 2694 410 2773 Esquilini
423 2697 549 2775 pontifex
561 2699 682 2758 venefici

224 2774 341 2854 Impune
351 2786 382 2838 ut
391 2779 495 2842 Urbem
505 2784 618 2842 nomine
628 2780 754 2859 impleris
764 2778 850 2841 meo?

226 2858 301 2932 Quid
312 2861 445 2939 proderat
456 2861 567 2924 ditasse
573 2864 702 2944 Pelignus
714 2882 793 2943 anus,

222 2942 395 3005 lielooiusve
409 2947 557 3008 miscuisse
568 2945 713 3009 toxicum?

223 3025 281 3087 Sed
295 3027 416 3087 tardiora
426 3028 482 3089 lata
491 3038 521 3089 te
530 3034 604 3091 votis
615 3040 738 3101 manent;

222 3107 334 3188 Ingrata
344 3112 449 3170 misero
463 3115 519 3173 rita
536 3113 662 3177 dueendu
673 3118 736 3176 est
728 3134 757 3175 ιιι
768 3115 835 3193 boe,

221 3192 310 3253 Novis
323 3203 455 3273 utusque
470 3184 604 3276 suppetas
615 3199 768 3260 laboribus.

222 3276 307 3355 Optat
318 3279 441 3356 quietem
451 3278 565 3360 Pelopis
577 3284 654 3344 inlidi
667 3292 758 3361 puter,

105 3403 111 3408 .
219 3358 315 3439 Egens
331 3363 469 3440 benignae
480 3363 610 3428 Tantalus
621 3384 734 3445 semper
745 3367 837 3444 dapis,
