2266 3878
26 287 127 366 ppos.
143 283 221 362 aa]
342 354 345 362 .
444 280 589 344 amnui.

27 436 61 499 llt
71 433 215 499 valetl'ut
226 435 350 494 meminit
364 432 473 504 nostri?
492 435 645 497 Fidibusne
655 434 759 498 Latinis

26 519 181 583 'lbebenos
190 527 288 597 aptare
299 517 400 578 modos
412 518 507 579 studet
516 519 736 599 auspice-Musa,

25 605 65 666 ln
78 607 190 682 tragica
201 601 329 663 desaevit
339 611 368 662 et
382 601 549 681 ampullatur
563 607 590 663 in
602 601 684 664 arte?

25 688 101 764 oute
112 687 181 749 mibi
199 685 303 746 Celsus
316 688 390 764 agit,
414 689 536 747 monitus
554 687 726 768 multumque
740 690 924 770 monendus‚·
951 691 1003 757 to·

20 769 152 832 Privatae
162 780 193 830 ut
205 779 320 849 quaerat
333 786 405 848 opes
419 779 447 830 et
457 780 574 849 tangere
585 774 655 833 vitet

18 858 154 934 Scripta,
174 853 315 914 Palatinus
330 872 517 933 quaecunque
529 858 640 933 recepit
655 854 771 934 Apollo,
846 926 851 939 Ι

15 939 83 1018 Ne,
109 941 135 998 si
147 939 221 998 forte
233 956 299 996 suas
310 941 460 1015 repetitum
472 942 582 999 venerit
592 938 660 999 olim

12 1023 101 1085 Grex
113 1023 206 1083 avium
217 1020 342 1099 plumas,
365 1023 729 1083 moveatcornicularisum
871 1062 873 1067 -

12 1103 438 1168 Furtivisnudatscoloribus?
458 1104 744 1185 Ipsequidaudesl'
946 1108 990 1173 20
1103 1141 1105 1145 ,

10 1192 105 1266 Quae
118 1189 326 1249 circumvolitas
338 1190 420 1267 agilis
433 1187 548 1266 thyma?
569 1190 634 1251 Non
645 1192 694 1251 tibi
710 1208 825 1269 parvum

13 1273 187 1354 Ingenium,
207 1290 263 1333 non
278 1273 411 1333 incultum
424 1282 508 1333 estet
520 1278 639 1352 turpiter
655 1275 771 1334 hirtum:

13 1361 82 1419 Seu
93 1357 217 1435 linguam
229 1359 323 1416 causis
334 1359 413 1416 acuis
425 1375 475 1415 seu
493 1359 582 1416 civica
594 1361 653 1418 iura

15 1439 211 1520 Respondete
223 1457 305 1518 paras
317 1459 368 1500 seu
380 1440 480 1500 condis
491 1440 610 1501 amabile
625 1458 746 1517 carmen,

16 1525 114 1587 Prima
128 1525 205 1585 feres
216 1524 339 1584 hederae
350 1525 474 1583 victricis
487 1526 619 1602 praemia.
665 1523 774 1598 Quodsi
946 1524 986 1586 25

16 1609 137 1689 Frigida
149 1626 275 1668 curarum
288 1608 412 1667 fomenta
422 1607 584 1686 relinquere
596 1623 719 1686 posses:

19 1693 130 1768 Quote
142 1692 278 1752 coelestis
289 1693 426 1769 sapientia
439 1691 571 1767 duceret,
596 1695 663 1752 ires.
709 1744 713 1751 .

20 1776 88 1838 lloc
101 1794 192 1855 opus,
216 1775 272 1835 boc
283 1775 402 1835 studium
415 1777 493 1853 parvi
506 1793 692 1853 properemus
703 1783 733 1836 et
742 1766 838 1855 ampli,

19 1862 54 1920 Si
68 1863 174 1940 patriae
187 1859 332 1935 volumus,
350 1860 373 1917 si
385 1859 466 1919 nobis
478 1861 575 1919 virere
588 1863 656 1921 cari.

21 1944 122 2005 Debes
133 1944 189 2003 hoe
203 1945 286 2002 etiam
296 1944 466 2018 rescribere,
485 1945 522 2004 sit
532 1945 582 2004 tibi
595 1960 691 2019 curae,
944 1949 986 2010 30

23 2027 153 2102 Quantae
168 2029 333 2102 conveniat,
352 2026 500 2088 lllunatins.
523 2027 567 2088 An
579 2029 651 2089 male
663 2037 736 2088 sarta

23 2111 117 2193 Gratia
128 2110 319 2191 nequidquam
330 2113 388 2170 ecit
400 2121 429 2171 et
438 2110 627 2172 rescinditur?
640 2116 682 2157 —-'
694 2111 732 2171 bt
742 2128 795 2171 vos

24 2196 80 2256 Seu
96 2194 205 2256 calidus
217 2197 333 2272 sanguis
346 2212 398 2254 seu
408 2211 501 2254 rerum
516 2197 626 2256 inscitia
636 2204 720 2254 vexat

23 2277 160 2340 Indomita
176 2280 290 2338 cervice
302 2278 396 2355 feros,
421 2279 582 2356 ubicunque
592 2278 719 2340 locorum

23 2361 139 2442 vivitis,
162 2362 268 2440 indigni
279 2361 430 2422 fraternum
441 2378 572 2439 rumpere
583 2361 695 2438 foedus,
941 2367 980 2429 35

23 2445 148 2508 Pascitur
158 2449 186 2506 iu
196 2453 319 2505 vestrum
330 2445 449 2506 reditum
460 2448 554 2506 votiva
570 2449 697 2505 iuvenca.

341 2729 585 2786 EPISTOM
601 2729 666 2783 lv.
724 2750 726 2755 ’
956 2812 958 2817 Ι

148 2832 211 2893 ΑΙ)
246 2830 474 2886 ALBIUM
509 2828 822 2887 TIBUlsLUM.

23 2951 102 3030 Albi,
118 2960 280 3013 nostrorum
291 2970 450 3013 sennonum
461 2951 578 3012 candide
590 2950 685 3028 iudex,

23 3034 98 3110 Quid
111 3045 226 3098 nuncto
239 3035 331 3096 dicam
341 3037 438 3097 lacere
449 3039 478 3097 iu
488 3037 605 3114 regione
616 3033 741 3094 Pedana:

23 3120 154 3181 Scribere
166 3121 242 3200 quod
255 3118 336 3182 (lassi
346 3120 502 3181 Parmensis
515 3119 651 3197 opuscula
662 3120 765 3195 vincat,

22 3202 65 3264 An
76 3207 191 3281 tacitum
202 3205 287 3266 silvas
298 3207 370 3265 inter
380 3214 493 3284 reptare
510 3203 648 3279 salubres,

23 3285 172 3350 (iurantem
183 3288 317 3368 quidquid
329 3289 442 3367 dignum
453 3291 579 3366 sapiente
590 3288 723 3362 bonoque
734 3280 798 3345 esti
936 3285 959 3346 b
1072 3321 1078 3327 -

23 3369 84 3432 Non
95 3380 123 3432 tu
136 3388 240 3451 corpus
251 3391 314 3434 eras
326 3375 389 3433 sine
399 3380 527 3451 pectore.
549 3368 784 3446 Ditibiiormam,
848 3394 850 3398 ’

64 3461 221 3512 uouemus.
799 3451 836 3506 li
1001 3446 1068 3650 1
