<?xml version="1.0" encoding="UTF-8"?>
<!DOCTYPE html PUBLIC "-//W3C//DTD XHTML 1.0 Transitional//EN"
    "http://www.w3.org/TR/xhtml1/DTD/xhtml1-transitional.dtd">
<html xmlns="http://www.w3.org/1999/xhtml" xml:lang="en" lang="en">
 <head>
  <title>
</title>
<meta http-equiv="Content-Type" content="text/html;charset=utf-8" />
  <meta name='ocr-system' content='tesseract 3.04.00' />
  <meta name='ocr-capabilities' content='ocr_page ocr_carea ocr_par ocr_line ocrx_word'/>
</head>
<body>
  <div class='ocr_page' id='page_1' title='image "./qhoratiiflaccio00schmgoog_0124.png"; bbox 0 0 2266 3878; ppageno 0'>
   <div class='ocr_carea' id='block_1_1' title="bbox 106 111 666 195">
    <p class='ocr_par' dir='ltr' id='par_1_1' title="bbox 106 111 666 195">
     <span class='ocr_line' id='line_1_1' title="bbox 106 111 666 195; baseline -0.002 -20"><span class='ocrx_word' id='word_1_1' title='bbox 106 114 284 195; x_wconf 71' lang='lat' dir='ltr'>earnm]</span> <span class='ocrx_word' id='word_1_2' title='bbox 495 111 666 174; x_wconf 81' lang='lat' dir='ltr'>nnanrv.</span> 
     </span>
    </p>
   </div>
   <div class='ocr_carea' id='block_1_2' title="bbox 112 269 143 332">
    <p class='ocr_par' dir='ltr' id='par_1_2' title="bbox 112 269 143 332">
     <span class='ocr_line' id='line_1_2' title="bbox 112 269 143 332; baseline 0 0"><span class='ocrx_word' id='word_1_3' title='bbox 112 269 143 332; x_wconf 76' lang='lat'>25</span> 
     </span>
    </p>
   </div>
   <div class='ocr_carea' id='block_1_3' title="bbox 241 265 888 329">
    <p class='ocr_par' dir='ltr' id='par_1_3' title="bbox 241 265 888 329">
     <span class='ocr_line' id='line_1_3' title="bbox 241 265 888 329; baseline -0.006 -2"><span class='ocrx_word' id='word_1_4' title='bbox 241 267 355 329; x_wconf 61' lang='lat' dir='ltr'>Terret</span> <span class='ocrx_word' id='word_1_5' title='bbox 364 267 507 328; x_wconf 82' lang='lat' dir='ltr'>ambustus</span> <span class='ocrx_word' id='word_1_6' title='bbox 519 265 664 326; x_wconf 75' lang='lat' dir='ltr'>Phaethon</span> <span class='ocrx_word' id='word_1_7' title='bbox 673 283 771 326; x_wconf 80' lang='lat' dir='ltr'>armas</span> <span class='ocrx_word' id='word_1_8' title='bbox 880 265 888 289; x_wconf 86' lang='lat'><em>&#39;</em></span> 
     </span>
    </p>
   </div>
   <div class='ocr_carea' id='block_1_4' title="bbox 252 348 853 597">
    <p class='ocr_par' dir='ltr' id='par_1_4' title="bbox 252 348 853 597">
     <span class='ocr_line' id='line_1_4' title="bbox 253 348 853 432; baseline -0.003 -19"><span class='ocrx_word' id='word_1_9' title='bbox 253 351 340 432; x_wconf 77' lang='lat' dir='ltr'>Spes,</span> <span class='ocrx_word' id='word_1_10' title='bbox 353 359 383 411; x_wconf 76' lang='lat' dir='ltr'>ei</span> <span class='ocrx_word' id='word_1_11' title='bbox 395 350 555 428; x_wconf 82' lang='lat' dir='ltr'>exemplam</span> <span class='ocrx_word' id='word_1_12' title='bbox 566 364 653 428; x_wconf 77' lang='lat' dir='ltr'>greve</span> <span class='ocrx_word' id='word_1_13' title='bbox 665 350 782 428; x_wconf 80' lang='lat' dir='ltr'>praebet</span> <span class='ocrx_word' id='word_1_14' title='bbox 792 348 853 411; x_wconf 81' lang='lat' dir='ltr'>aies</span> 
     </span>
     <span class='ocr_line' id='line_1_5' title="bbox 252 434 810 514; baseline -0.007 -18"><span class='ocrx_word' id='word_1_15' title='bbox 252 434 379 514; x_wconf 78' lang='lat' dir='ltr'>Pegasus</span> <span class='ocrx_word' id='word_1_16' title='bbox 391 444 532 495; x_wconf 79' lang='lat' dir='ltr'>terrenum</span> <span class='ocrx_word' id='word_1_17' title='bbox 544 435 667 512; x_wconf 75' lang='lat' dir='ltr'>equitem</span> <span class='ocrx_word' id='word_1_18' title='bbox 678 441 810 512; x_wconf 78' lang='lat' dir='ltr'>gravetas</span> 
     </span>
     <span class='ocr_line' id='line_1_6' title="bbox 302 517 560 597; baseline -0.008 -18"><span class='ocrx_word' id='word_1_19' title='bbox 302 517 560 597; x_wconf 73' lang='lat' dir='ltr'>bellerophoniem</span> 
     </span>
    </p>
   </div>
   <div class='ocr_carea' id='block_1_5' title="bbox 253 642 952 805">
    <p class='ocr_par' dir='ltr' id='par_1_5' title="bbox 253 642 952 805">
     <span class='ocr_line' id='line_1_7' title="bbox 253 642 952 722; baseline 0.003 -20"><span class='ocrx_word' id='word_1_20' title='bbox 253 642 374 722; x_wconf 85' lang='lat' dir='ltr'>Semper</span> <span class='ocrx_word' id='word_1_21' title='bbox 383 652 414 703; x_wconf 85' lang='lat' dir='ltr'>nt</span> <span class='ocrx_word' id='word_1_22' title='bbox 423 652 452 703; x_wconf 83' lang='lat' dir='ltr'>te</span> <span class='ocrx_word' id='word_1_23' title='bbox 465 642 548 721; x_wconf 74' lang='lat' dir='ltr'>digna</span> <span class='ocrx_word' id='word_1_24' title='bbox 559 660 681 722; x_wconf 85' lang='lat' dir='ltr'>sequare</span> <span class='ocrx_word' id='word_1_25' title='bbox 693 652 731 719; x_wconf 83' lang='lat' dir='ltr'>et,</span> <span class='ocrx_word' id='word_1_26' title='bbox 744 643 815 704; x_wconf 85' lang='lat' dir='ltr'>nitra</span> <span class='ocrx_word' id='word_1_27' title='bbox 948 672 952 681; x_wconf 78' lang='lat'>=</span> 
     </span>
     <span class='ocr_line' id='line_1_8' title="bbox 257 725 789 805; baseline 0.002 -19"><span class='ocrx_word' id='word_1_28' title='bbox 257 725 346 799; x_wconf 81' lang='lat' dir='ltr'>Quam</span> <span class='ocrx_word' id='word_1_29' title='bbox 357 726 426 787; x_wconf 84' lang='lat' dir='ltr'>lieet</span> <span class='ocrx_word' id='word_1_30' title='bbox 436 744 553 804; x_wconf 84' lang='lat' dir='ltr'>sperare</span> <span class='ocrx_word' id='word_1_31' title='bbox 564 726 645 785; x_wconf 82' lang='lat' dir='ltr'>nefas</span> <span class='ocrx_word' id='word_1_32' title='bbox 657 727 789 805; x_wconf 76' lang='lat' dir='ltr'>putando,</span> 
     </span>
    </p>
   </div>
   <div class='ocr_carea' id='block_1_6' title="bbox 182 808 823 888">
    <p class='ocr_par' dir='ltr' id='par_1_6' title="bbox 182 808 823 888">
     <span class='ocr_line' id='line_1_9' title="bbox 182 808 823 888; baseline 0.002 -18"><span class='ocrx_word' id='word_1_33' title='bbox 182 864 189 870; x_wconf 78' lang='grc'>,</span> <span class='ocrx_word' id='word_1_34' title='bbox 252 808 402 888; x_wconf 88' lang='lat' dir='ltr'>Disparem</span> <span class='ocrx_word' id='word_1_35' title='bbox 412 812 495 869; x_wconf 83' lang='lat' dir='ltr'>vites.</span> <span class='ocrx_word' id='word_1_36' title='bbox 539 808 823 888; x_wconf 75' lang='lat' dir='ltr'>Ageiam‚meoram</span> 
     </span>
    </p>
   </div>
   <div class='ocr_carea' id='block_1_7' title="bbox 303 892 554 969">
    <p class='ocr_par' dir='ltr' id='par_1_7' title="bbox 303 892 554 969">
     <span class='ocr_line' id='line_1_10' title="bbox 303 892 554 969; baseline -0.004 -16"><span class='ocrx_word' id='word_1_37' title='bbox 303 892 526 969; x_wconf 74' lang='lat' dir='ltr'>Firmanorum,</span> <span class='ocrx_word' id='word_1_38' title='bbox 543 925 554 938; x_wconf 94' lang='lat'>-</span> 
     </span>
    </p>
   </div>
   <div class='ocr_carea' id='block_1_8' title="bbox 251 1016 810 1330">
    <p class='ocr_par' dir='ltr' id='par_1_8' title="bbox 252 1016 711 1098">
     <span class='ocr_line' id='line_1_11' title="bbox 252 1016 711 1098; baseline 0.002 -20"><span class='ocrx_word' id='word_1_39' title='bbox 252 1016 317 1079; x_wconf 86' lang='lat' dir='ltr'>Non</span> <span class='ocrx_word' id='word_1_40' title='bbox 330 1019 404 1079; x_wconf 90' lang='lat' dir='ltr'>enirn</span> <span class='ocrx_word' id='word_1_41' title='bbox 415 1020 534 1098; x_wconf 88' lang='lat' dir='ltr'>posthae</span> <span class='ocrx_word' id='word_1_42' title='bbox 545 1018 599 1079; x_wconf 91' lang='lat' dir='ltr'>alia</span> <span class='ocrx_word' id='word_1_43' title='bbox 610 1017 711 1079; x_wconf 80' lang='lat' dir='ltr'>calebo</span> 
     </span>
    </p>

    <p class='ocr_par' dir='ltr' id='par_1_9' title="bbox 251 1099 787 1179">
     <span class='ocr_line' id='line_1_12' title="bbox 251 1099 787 1179; baseline 0.006 -18"><span class='ocrx_word' id='word_1_44' title='bbox 251 1099 366 1163; x_wconf 78' lang='lat' dir='ltr'><strong>Femina</strong></span> <span class='ocrx_word' id='word_1_45' title='bbox 377 1134 389 1149; x_wconf 91' lang='lat'><strong>·</strong></span> <span class='ocrx_word' id='word_1_46' title='bbox 400 1101 536 1169; x_wconf 73' lang='lat' dir='ltr'><strong>condisce</strong></span> <span class='ocrx_word' id='word_1_47' title='bbox 547 1102 659 1179; x_wconf 80' lang='lat' dir='ltr'>modos,</span> <span class='ocrx_word' id='word_1_48' title='bbox 672 1103 787 1164; x_wconf 83' lang='lat' dir='ltr'>amanda</span> 
     </span>
    </p>

    <p class='ocr_par' dir='ltr' id='par_1_10' title="bbox 253 1184 810 1330">
     <span class='ocr_line' id='line_1_13' title="bbox 253 1184 810 1265; baseline 0.007 -20"><span class='ocrx_word' id='word_1_49' title='bbox 253 1184 333 1245; x_wconf 78' lang='lat' dir='ltr'>Voce</span> <span class='ocrx_word' id='word_1_50' title='bbox 346 1205 419 1265; x_wconf 84' lang='lat' dir='ltr'>qnos</span> <span class='ocrx_word' id='word_1_51' title='bbox 429 1186 547 1246; x_wconf 82' lang='lat' dir='ltr'>reddas:</span> <span class='ocrx_word' id='word_1_52' title='bbox 567 1189 724 1246; x_wconf 81' lang='lat' dir='ltr'>minuentur</span> <span class='ocrx_word' id='word_1_53' title='bbox 733 1197 810 1249; x_wconf 82' lang='lat' dir='ltr'>atrae</span> 
     </span>
     <span class='ocr_line' id='line_1_14' title="bbox 302 1266 536 1330; baseline -0.004 0"><span class='ocrx_word' id='word_1_54' title='bbox 302 1266 431 1330; x_wconf 75' lang='lat' dir='ltr'>Carmine</span> <span class='ocrx_word' id='word_1_55' title='bbox 444 1288 536 1330; x_wconf 83' lang='lat' dir='ltr'>curae.</span> 
     </span>
    </p>
   </div>
   <div class='ocr_carea' id='block_1_9' title="bbox 512 1432 653 1440">
    <p class='ocr_par' dir='ltr' id='par_1_11' title="bbox 512 1432 653 1440">
     <span class='ocr_line' id='line_1_15' title="bbox 512 1432 653 1440; baseline -0.014 0"><span class='ocrx_word' id='word_1_56' title='bbox 512 1432 653 1440; x_wconf 76' lang='lat'>——---.</span> 
     </span>
    </p>
   </div>
   <div class='ocr_carea' id='block_1_10' title="bbox 390 1574 768 1748">
    <p class='ocr_par' dir='ltr' id='par_1_12' title="bbox 390 1574 768 1748">
     <span class='ocr_line' id='line_1_16' title="bbox 477 1574 676 1631; baseline -0.02 0"><span class='ocrx_word' id='word_1_57' title='bbox 477 1574 676 1631; x_wconf 71' lang='grc' dir='ltr'><strong>θΙΕΧΙΙ.</strong></span> 
     </span>
     <span class='ocr_line' id='line_1_17' title="bbox 390 1691 768 1748; baseline 0.008 -4"><span class='ocrx_word' id='word_1_58' title='bbox 390 1691 449 1744; x_wconf 78' lang='grc' dir='ltr'>ΑΙ)</span> <span class='ocrx_word' id='word_1_59' title='bbox 479 1692 768 1748; x_wconf 84' lang='lat' dir='ltr'><strong>VIRGILIUM.</strong></span> 
     </span>
    </p>
   </div>
   <div class='ocr_carea' id='block_1_11' title="bbox 251 1797 889 1882">
    <p class='ocr_par' dir='ltr' id='par_1_13' title="bbox 251 1797 889 1882">
     <span class='ocr_line' id='line_1_18' title="bbox 251 1797 889 1882; baseline 0.002 -21"><span class='ocrx_word' id='word_1_60' title='bbox 251 1797 309 1862; x_wconf 92' lang='lat' dir='ltr'>Iam</span> <span class='ocrx_word' id='word_1_61' title='bbox 318 1803 396 1864; x_wconf 84' lang='lat' dir='ltr'>reris</span> <span class='ocrx_word' id='word_1_62' title='bbox 408 1805 538 1879; x_wconf 77' lang='lat' dir='ltr'>eomites,</span> <span class='ocrx_word' id='word_1_63' title='bbox 556 1822 628 1882; x_wconf 88' lang='lat' dir='ltr'>quae</span> <span class='ocrx_word' id='word_1_64' title='bbox 637 1822 714 1864; x_wconf 86' lang='lat' dir='ltr'>mare</span> <span class='ocrx_word' id='word_1_65' title='bbox 724 1812 889 1882; x_wconf 80' lang='lat' dir='ltr'>temperant,</span> 
     </span>
    </p>
   </div>
   <div class='ocr_carea' id='block_1_12' title="bbox 122 1883 777 1964">
    <p class='ocr_par' dir='ltr' id='par_1_14' title="bbox 122 1883 777 1964">
     <span class='ocr_line' id='line_1_19' title="bbox 122 1883 777 1964; baseline -0.008 -13"><span class='ocrx_word' id='word_1_66' title='bbox 122 1936 126 1951; x_wconf 88' lang='lat'><em>.</em></span> <span class='ocrx_word' id='word_1_67' title='bbox 250 1883 401 1964; x_wconf 83' lang='lat' dir='ltr'>impellunt</span> <span class='ocrx_word' id='word_1_68' title='bbox 410 1889 518 1949; x_wconf 86' lang='lat' dir='ltr'>animae</span> <span class='ocrx_word' id='word_1_69' title='bbox 529 1887 613 1948; x_wconf 81' lang='lat' dir='ltr'>lintea</span> <span class='ocrx_word' id='word_1_70' title='bbox 625 1887 777 1956; x_wconf 57' lang='lat' dir='ltr'>Threciam</span> 
     </span>
    </p>
   </div>
   <div class='ocr_carea' id='block_1_13' title="bbox 126 3081 153 3144">
    <p class='ocr_par' dir='ltr' id='par_1_15' title="bbox 126 3081 153 3144">
     <span class='ocr_line' id='line_1_20' title="bbox 126 3081 153 3144; baseline 0.074 -2"><span class='ocrx_word' id='word_1_71' title='bbox 126 3081 153 3144; x_wconf 75' lang='lat'>15</span> 
     </span>
    </p>
   </div>
   <div class='ocr_carea' id='block_1_14' title="bbox 251 1967 870 2134">
    <p class='ocr_par' dir='ltr' id='par_1_16' title="bbox 251 1967 870 2134">
     <span class='ocr_line' id='line_1_21' title="bbox 251 1967 870 2050; baseline 0.005 -23"><span class='ocrx_word' id='word_1_72' title='bbox 251 1967 308 2028; x_wconf 89' lang='lat' dir='ltr'>Iam</span> <span class='ocrx_word' id='word_1_73' title='bbox 318 1988 373 2029; x_wconf 88' lang='lat' dir='ltr'>nee</span> <span class='ocrx_word' id='word_1_74' title='bbox 385 1980 463 2048; x_wconf 82' lang='lat' dir='ltr'>prata</span> <span class='ocrx_word' id='word_1_75' title='bbox 477 1973 578 2050; x_wconf 82' lang='lat' dir='ltr'>rigent,</span> <span class='ocrx_word' id='word_1_76' title='bbox 589 1989 643 2031; x_wconf 86' lang='lat' dir='ltr'>nee</span> <span class='ocrx_word' id='word_1_77' title='bbox 654 1971 731 2031; x_wconf 82' lang='lat' dir='ltr'>durii</span> <span class='ocrx_word' id='word_1_78' title='bbox 743 1978 870 2049; x_wconf 78' lang='lat' dir='ltr'>strepunt</span> 
     </span>
     <span class='ocr_line' id='line_1_22' title="bbox 300 2051 620 2134; baseline -0.003 -19"><span class='ocrx_word' id='word_1_79' title='bbox 300 2051 423 2116; x_wconf 76' lang='lat' dir='ltr'>Hiberna</span> <span class='ocrx_word' id='word_1_80' title='bbox 434 2057 499 2115; x_wconf 90' lang='lat' dir='ltr'>nive</span> <span class='ocrx_word' id='word_1_81' title='bbox 508 2054 620 2134; x_wconf 82' lang='lat' dir='ltr'>turgidi.</span> 
     </span>
    </p>
   </div>
   <div class='ocr_carea' id='block_1_15' title="bbox 249 2177 926 2531">
    <p class='ocr_par' dir='ltr' id='par_1_17' title="bbox 251 2177 807 2260">
     <span class='ocr_line' id='line_1_23' title="bbox 251 2177 807 2260; baseline 0 -21"><span class='ocrx_word' id='word_1_82' title='bbox 251 2177 353 2240; x_wconf 86' lang='lat' dir='ltr'>Nidum</span> <span class='ocrx_word' id='word_1_83' title='bbox 364 2183 453 2260; x_wconf 79' lang='lat' dir='ltr'>ponit,</span> <span class='ocrx_word' id='word_1_84' title='bbox 464 2181 527 2258; x_wconf 78' lang='lat' dir='ltr'>liyn</span> <span class='ocrx_word' id='word_1_85' title='bbox 538 2182 671 2242; x_wconf 84' lang='lat' dir='ltr'>debiliter</span> <span class='ocrx_word' id='word_1_86' title='bbox 680 2199 807 2260; x_wconf 80' lang='lat' dir='ltr'>gemens,</span> 
     </span>
    </p>

    <p class='ocr_par' dir='ltr' id='par_1_18' title="bbox 249 2258 742 2344">
     <span class='ocr_line' id='line_1_24' title="bbox 249 2258 742 2344; baseline 0.008 -22"><span class='ocrx_word' id='word_1_87' title='bbox 249 2259 352 2324; x_wconf 82' lang='lat' dir='ltr'>Infelix</span> <span class='ocrx_word' id='word_1_88' title='bbox 362 2267 423 2326; x_wconf 86' lang='lat' dir='ltr'>aris</span> <span class='ocrx_word' id='word_1_89' title='bbox 435 2275 464 2326; x_wconf 82' lang='lat' dir='ltr'>et</span> <span class='ocrx_word' id='word_1_90' title='bbox 473 2258 631 2344; x_wconf 77' lang='lat' dir='ltr'>Cecropiae</span> <span class='ocrx_word' id='word_1_91' title='bbox 643 2265 742 2326; x_wconf 87' lang='lat' dir='ltr'>domus</span> 
     </span>
    </p>

    <p class='ocr_par' dir='ltr' id='par_1_19' title="bbox 250 2345 926 2531">
     <span class='ocr_line' id='line_1_25' title="bbox 250 2345 926 2428; baseline 0 -23"><span class='ocrx_word' id='word_1_92' title='bbox 250 2345 401 2408; x_wconf 80' lang='lat' dir='ltr'>Aeternum</span> <span class='ocrx_word' id='word_1_93' title='bbox 415 2350 609 2428; x_wconf 86' lang='lat' dir='ltr'>opprobrium,</span> <span class='ocrx_word' id='word_1_94' title='bbox 624 2348 700 2428; x_wconf 90' lang='lat' dir='ltr'>quod</span> <span class='ocrx_word' id='word_1_95' title='bbox 711 2348 783 2409; x_wconf 89' lang='lat' dir='ltr'>male</span> <span class='ocrx_word' id='word_1_96' title='bbox 793 2347 926 2409; x_wconf 71' lang='lat' dir='ltr'>barbaras</span> 
     </span>
     <span class='ocr_line' id='line_1_26' title="bbox 294 2429 681 2531; baseline 0 -39"><span class='ocrx_word' id='word_1_97' title='bbox 294 2429 406 2511; x_wconf 78' lang='lat' dir='ltr'>Regum</span> <span class='ocrx_word' id='word_1_98' title='bbox 417 2432 530 2531; x_wconf 38' lang='lat' dir='ltr'>estlulta</span> <span class='ocrx_word' id='word_1_99' title='bbox 541 2433 681 2493; x_wconf 81' lang='lat' dir='ltr'>libidines.</span> 
     </span>
    </p>
   </div>
   <div class='ocr_carea' id='block_1_16' title="bbox 129 2551 852 2889">
    <p class='ocr_par' dir='ltr' id='par_1_20' title="bbox 129 2551 852 2889">
     <span class='ocr_line' id='line_1_27' title="bbox 248 2551 791 2636; baseline 0.006 -22"><span class='ocrx_word' id='word_1_100' title='bbox 248 2551 352 2616; x_wconf 76' lang='lat' dir='ltr'>Dicant</span> <span class='ocrx_word' id='word_1_101' title='bbox 363 2557 391 2616; x_wconf 92' lang='lat' dir='ltr'>in</span> <span class='ocrx_word' id='word_1_102' title='bbox 401 2565 499 2618; x_wconf 75' lang='lat' dir='ltr'>tenero</span> <span class='ocrx_word' id='word_1_103' title='bbox 510 2559 635 2636; x_wconf 76' lang='lat' dir='ltr'>gramine</span> <span class='ocrx_word' id='word_1_104' title='bbox 646 2558 791 2635; x_wconf 82' lang='lat' dir='ltr'>pinguium</span> 
     </span>
     <span class='ocr_line' id='line_1_28' title="bbox 129 2635 735 2703; baseline 0.007 -6"><span class='ocrx_word' id='word_1_105' title='bbox 129 2693 131 2697; x_wconf 87' lang='lat'>.</span> <span class='ocrx_word' id='word_1_106' title='bbox 251 2635 393 2700; x_wconf 81' lang='lat' dir='ltr'>Custodes</span> <span class='ocrx_word' id='word_1_107' title='bbox 404 2644 498 2703; x_wconf 79' lang='lat' dir='ltr'>orium</span> <span class='ocrx_word' id='word_1_108' title='bbox 512 2640 735 2702; x_wconf 82' lang='lat' dir='ltr'>earmineiis‘tula</span> 
     </span>
     <span class='ocr_line' id='line_1_29' title="bbox 251 2719 852 2804; baseline 0.005 -22"><span class='ocrx_word' id='word_1_109' title='bbox 251 2719 459 2803; x_wconf 80' lang='lat' dir='ltr'>Delemanique</span> <span class='ocrx_word' id='word_1_110' title='bbox 471 2725 565 2802; x_wconf 79' lang='lat' dir='ltr'>deum,</span> <span class='ocrx_word' id='word_1_111' title='bbox 579 2728 624 2785; x_wconf 84' lang='lat' dir='ltr'>eui</span> <span class='ocrx_word' id='word_1_112' title='bbox 637 2742 727 2804; x_wconf 82' lang='lat' dir='ltr'>pecus</span> <span class='ocrx_word' id='word_1_113' title='bbox 739 2734 768 2787; x_wconf 78' lang='lat' dir='ltr'>ei</span> <span class='ocrx_word' id='word_1_114' title='bbox 779 2726 852 2804; x_wconf 72' lang='lat' dir='ltr'>nigri</span> 
     </span>
     <span class='ocr_line' id='line_1_30' title="bbox 240 2805 777 2889; baseline 0.002 -21"><span class='ocrx_word' id='word_1_115' title='bbox 240 2822 245 2835; x_wconf 77' lang='lat'><em>¹</em></span> <span class='ocrx_word' id='word_1_116' title='bbox 300 2805 399 2869; x_wconf 81' lang='lat' dir='ltr'>colles</span> <span class='ocrx_word' id='word_1_117' title='bbox 408 2808 546 2870; x_wconf 77' lang='lat' dir='ltr'>Arcadiae</span> <span class='ocrx_word' id='word_1_118' title='bbox 557 2809 679 2889; x_wconf 79' lang='lat' dir='ltr'>placent.</span> <span class='ocrx_word' id='word_1_119' title='bbox 773 2860 777 2869; x_wconf 84' lang='lat'><em>.</em></span> 
     </span>
    </p>
   </div>
   <div class='ocr_carea' id='block_1_17' title="bbox 247 2929 837 3246">
    <p class='ocr_par' dir='ltr' id='par_1_21' title="bbox 247 2929 779 3013">
     <span class='ocr_line' id='line_1_31' title="bbox 247 2929 779 3013; baseline 0.008 -22"><span class='ocrx_word' id='word_1_120' title='bbox 247 2929 400 2994; x_wconf 75' lang='lat' dir='ltr'>Adduxere</span> <span class='ocrx_word' id='word_1_121' title='bbox 410 2936 484 2995; x_wconf 80' lang='lat' dir='ltr'>eiiim</span> <span class='ocrx_word' id='word_1_122' title='bbox 494 2943 633 3013; x_wconf 83' lang='lat' dir='ltr'>tempora,</span> <span class='ocrx_word' id='word_1_123' title='bbox 644 2933 761 3013; x_wconf 75' lang='lat' dir='ltr'>Virgili3</span> <span class='ocrx_word' id='word_1_124' title='bbox 777 2974 779 2979; x_wconf 55' lang='lat'>&lt;</span> 
     </span>
    </p>

    <p class='ocr_par' dir='ltr' id='par_1_22' title="bbox 247 3015 837 3095">
     <span class='ocr_line' id='line_1_32' title="bbox 247 3015 837 3095; baseline 0.005 -19"><span class='ocrx_word' id='word_1_125' title='bbox 247 3015 306 3076; x_wconf 84' lang='lat' dir='ltr'>Sed</span> <span class='ocrx_word' id='word_1_126' title='bbox 316 3033 447 3095; x_wconf 86' lang='lat' dir='ltr'>pressum</span> <span class='ocrx_word' id='word_1_127' title='bbox 459 3016 576 3080; x_wconf 83' lang='lat' dir='ltr'>Gadibus</span> <span class='ocrx_word' id='word_1_128' title='bbox 589 3018 695 3079; x_wconf 79' lang='lat' dir='ltr'>ducere</span> <span class='ocrx_word' id='word_1_129' title='bbox 705 3018 837 3081; x_wconf 84' lang='lat' dir='ltr'>Liberum</span> 
     </span>
    </p>

    <p class='ocr_par' dir='ltr' id='par_1_23' title="bbox 251 3099 801 3246">
     <span class='ocr_line' id='line_1_33' title="bbox 251 3099 801 3178; baseline 0.007 -20"><span class='ocrx_word' id='word_1_130' title='bbox 251 3099 281 3158; x_wconf 89' lang='lat' dir='ltr'>Si</span> <span class='ocrx_word' id='word_1_131' title='bbox 293 3103 397 3178; x_wconf 79' lang='lat' dir='ltr'>gestis,</span> <span class='ocrx_word' id='word_1_132' title='bbox 412 3104 544 3162; x_wconf 81' lang='lat' dir='ltr'>iuvenum</span> <span class='ocrx_word' id='word_1_133' title='bbox 554 3101 689 3162; x_wconf 85' lang='lat' dir='ltr'>nobilium</span> <span class='ocrx_word' id='word_1_134' title='bbox 701 3103 801 3178; x_wconf 83' lang='lat' dir='ltr'>eliens,</span> 
     </span>
     <span class='ocr_line' id='line_1_34' title="bbox 297 3182 637 3246; baseline 0 -2"><span class='ocrx_word' id='word_1_135' title='bbox 297 3182 392 3245; x_wconf 86' lang='lat' dir='ltr'>Nardo</span> <span class='ocrx_word' id='word_1_136' title='bbox 403 3188 468 3246; x_wconf 85' lang='lat' dir='ltr'>rina</span> <span class='ocrx_word' id='word_1_137' title='bbox 479 3186 637 3245; x_wconf 87' lang='lat' dir='ltr'>merebere.</span> 
     </span>
    </p>
   </div>
   <div class='ocr_carea' id='block_1_18' title="bbox 0 0 1138 3878">
    <p class='ocr_par' dir='ltr' id='par_1_24' title="bbox 0 0 1138 3878">
     <span class='ocr_line' id='line_1_35' title="bbox 0 0 1138 3878; baseline 0 2"><span class='ocrx_word' id='word_1_138' title='bbox 0 0 1138 3878; x_wconf 95' lang='lat' dir='ltr'> </span> 
     </span>
    </p>
   </div>
  </div>
 </body>
</html>
