2266 3878
22 287 127 365 [epus
140 287 196 364 rs]
272 334 275 339 .
312 378 318 393 Ι
443 286 554 348 uisse
574 287 598 350 1.

17 439 62 502 Tu
75 448 159 500 reete
170 440 259 514 vivis,
280 439 304 497 si
317 455 399 497 eurus
411 456 477 498 esse
488 440 565 517 quod
575 441 665 501 audis.

13 522 164 587 laetamus
175 525 229 582 iere
241 521 350 599 pridem
363 524 453 581 omnis
464 532 493 581 te
506 524 596 584 Roma
607 526 734 592 beatum

13 609 80 668 Sed
92 621 214 681 vereor,
228 623 265 665 ue
277 607 323 664 eui
335 605 371 665 de
382 614 410 664 te
421 605 485 683 plus
499 626 582 685 quum
596 609 646 668 tibi
658 608 768 685 eredas,
810 630 813 637 ·

10 691 103 753 Neve
116 699 200 769 putes
211 687 295 749 aliurn
309 692 437 766 sapiente
452 690 585 770 bonoque
597 692 719 769 beatum,
951 699 991 761 20

9 775 102 851 Neu,
121 775 147 834 si
158 782 187 832 te
200 772 323 850 populus
334 791 431 832 sanum
442 783 578 853 reeteque
592 774 733 837 volentem

9 858 157 934 Dietitet‚
168 855 312 939 [oecultum
326 857 435 916 febrem
447 859 499 916 sub
513 867 626 937 tempus
640 861 739 920 edendi

9 939 210 1016 Dissimules‚
225 939 319 1000 donee
328 941 454 1000 menibus
466 950 572 1002 tremor
582 943 685 1004 iueidet
696 948 798 1005 uectis.

12 1025 178 1087 Stultorum
189 1026 313 1084 incurata
324 1023 415 1101 pudor
425 1025 514 1086 malus
525 1026 621 1087 ulcera
633 1028 715 1088 celet.

13 1111 51 1170 st
65 1107 501 1188 quisbellatibiterrapugrrutu
513 1114 640 1190 marique
948 1119 988 1181 25

13 1193 124 1269 Dieat,
144 1200 174 1250 et
184 1192 228 1271 his
238 1191 335 1251 verbis
347 1210 452 1251 vacuas
464 1195 637 1270 permulceat
648 1213 746 1256 aures:

16 1276 129 1355 „Tene
142 1276 233 1352 magis
245 1273 353 1335 salvum
365 1275 487 1353 populus
499 1277 585 1354 velit,
602 1297 637 1338 au
649 1280 785 1358 populum
797 1291 838 1360 tu,

19 1361 152 1439 „Servet
162 1360 191 1418 iu
202 1359 349 1436 ambiguo,
369 1362 418 1437 qui
430 1360 552 1419 consulit
567 1372 596 1421 et
610 1363 660 1422 tibi
675 1372 704 1422 et
714 1366 786 1443 urbi,

18 1443 216 1523 „luppiter“:
234 1442 355 1520 Augusti
366 1443 464 1503 laudes
475 1460 634 1521 agnoscere
645 1451 756 1524 possis;

21 1527 96 1588 Cum
106 1528 212 1606 pateris
224 1529 339 1603 sapiens
350 1527 571 1606 emendatusque
580 1533 693 1589 voeari:
947 1535 989 1598 30
1102 1533 1106 1538 ’

21 1609 231 1689 Respondesue
243 1618 292 1669 tuo
305 1645 317 1653 -
329 1610 375 1669 die
386 1611 473 1671 sodes
484 1643 496 1654 -
509 1614 640 1681 nomine?
654 1613 788 1693 „Nempe

23 1695 98 1773 „Vir
108 1695 200 1754 honus
212 1702 240 1754 et
251 1693 373 1771 prudeus
385 1695 441 1755 diei
451 1694 579 1755 delector
589 1715 646 1778 ogo
656 1715 691 1757 ee
701 1702 768 1757 tu“.

23 1779 80 1852 Qui
91 1777 169 1838 dedit
179 1778 235 1838 hoe
246 1777 348 1854 hodie,
368 1796 446 1855 eras,
464 1782 488 1839 si
502 1780 595 1857 volet3
611 1781 735 1858 auferet,
751 1791 781 1842 ut
792 1785 816 1842 si

20 1861 164 1922 Detulerit
175 1862 269 1921 fusses
280 1862 413 1940 indiguo,
430 1863 557 1925 detrahet
568 1864 652 1924 idern.

24 1945 141 2022 „Pone‚
162 1964 253 2005 rueum
265 1949 351 2021 ost‚“
366 1948 470 2025 iuquit:
489 1965 566 2026 pono
576 1952 722 2028 tristisque
735 1949 850 2010 reeedo.
890 1961 892 1975 '
945 1947 985 2012 85

25 2029 101 2090 Idem
116 2032 140 2088 si
153 2028 253 2089 elamet
264 2029 371 2107 furem,
389 2041 477 2109 neget
484 2045 556 2092 esse
567 2033 708 2112 pudieam,

26 2112 182 2173 Contendet
193 2112 296 2190 laqueo
310 2114 414 2174 eodum
426 2120 570 2193 pressisse
580 2127 740 2194 paternum:

26 2187 154 2257 Mordeat
165 2197 327 2274 opprobriis
339 2197 419 2257 falsis
430 2209 593 2277 mutemque
604 2197 737 2260 colores?

25 2279 124 2341 Falsus
136 2281 228 2341 houor
238 2283 313 2341 iuvat
325 2290 354 2341 et
364 2281 483 2341 mendox
494 2284 605 2342 iufamia
616 2290 702 2341 terret

26 2363 116 2438 Quem
125 2365 181 2425 nisi
191 2363 357 2425 mendosum
373 2374 402 2424 et
421 2362 636 2425 medicandum?
663 2361 737 2438 „Vir
755 2362 904 2424 bonusest
943 2367 985 2429 40

626 2443 732 2523 quis?“

26 2531 104 2608 „Qui
119 2530 249 2593 consulta
260 2539 385 2610 patrum,
405 2535 453 2611 qui
468 2532 549 2607 leges
560 2532 677 2606 iureque
688 2538 792 2605 servat,

26 2615 113 2691 „Quo
126 2614 229 2675 multae
240 2633 415 2695 magnaeque
429 2622 559 2676 secuntur
573 2611 665 2671 iudice
676 2612 752 2688 lites,

26 2699 114 2781 „Quo
122 2716 171 2758 res
186 2714 327 2776 sponsore
338 2709 367 2759 et
378 2715 434 2778 quo
444 2714 547 2756 causae
558 2705 633 2755 teste
643 2700 806 2756 teneutur.“

26 2782 80 2842 Sed
90 2781 169 2843 videt
179 2783 254 2843 huno
264 2785 352 2842 omnis
364 2783 462 2840 domus
473 2790 503 2838 et
515 2781 615 2838 rieiuia
626 2787 685 2839 tota

26 2862 176 2927 introrsum
186 2875 310 2945 turpem,
326 2867 488 2942 speciosum
500 2861 575 2940 pelle
587 2862 700 2922 deeora.
941 2866 980 2928 45

26 2948 111 3024 „Nee
120 2950 237 3029 furtum
246 2950 309 3029 feea'
319 2967 375 3007 nee
386 2948 454 3026 fugi
460 2951 492 3021 ,“
508 2947 532 3006 si
547 2946 613 3004 mihi
625 2945 699 3006 dieat

26 3032 146 3092 Servus:
165 3032 284 3110 „Habes
295 3031 432 3109 pretium,
447 3029 517 3089 loris
528 3044 585 3089 uon
599 3032 729 3108 ureris‚“
742 3031 798 3091 aio.
887 3090 890 3095 ,

26 3114 113 3193 „Nou
126 3117 271 3178 homiuem
283 3116 383 3177 occidi
391 3118 425 3172 .·“
440 3114 527 3191 „Nou
539 3131 641 3192 pasees
653 3116 681 3175 iu
693 3132 777 3174 eruce
790 3118 926 3175 eorvos.“

27 3199 122 3277 „Sum
133 3201 228 3261 bouus
239 3207 267 3260 et
275 3199 399 3278 frugi:“
413 3199 504 3257 renuit
513 3199 677 3277 negitatque
688 3196 831 3267 Sabellus;
1018 3246 1021 3251 .

26 3282 153 3359 „Cadus
168 3285 242 3342 euim
252 3283 349 3342 metuit
360 3282 471 3342 foveam
482 3280 581 3358 lupus,
599 3284 790 3359 aooipiterque
875 3305 879 3311 ·
940 3283 980 3344 50

26 3368 206 3444 „Suspeetos
217 3366 351 3444 laqueos,
368 3375 398 3427 et
408 3372 538 3444 opertum
547 3364 649 3424 aluus
659 3365 777 3425 hamum.

61 3455 219 3520 euasurus.
796 3446 831 3502 tt
