2266 3878
62 292 122 368 r.1.]
190 347 192 351 ,

62 460 141 504 rcum
153 443 249 522 pueris
260 443 356 522 ignara
367 443 462 521 puella
472 445 563 503 mariti

62 526 188 588 retunde
200 541 319 605 preces,
335 537 428 587 vatem
438 530 466 587 ui
477 526 558 588 llusa
569 523 715 586 dedisset'l

62 627 161 689 topem
173 611 276 671 chorus
288 619 316 671 et
329 613 487 689 praesentia
498 613 608 670 numina
620 613 714 687 sentit,

63 704 123 756 stes
136 693 267 773 implorat
277 711 364 774 aquas
376 695 459 755 docta
471 712 557 772 prece
568 693 696 772 blandus,

62 779 221 854 itmcrhos‚
240 778 387 847 metuenda
398 779 525 857 pericula
536 778 625 857 pellit,

62 872 104 923 rat
116 870 144 922 et
155 879 255 940 pacem
267 871 295 922 et
305 862 480 940 locupletem
491 862 618 941 frugibus
630 880 739 922 annum.

64 965 100 1006 ne
115 944 143 1006 di
155 948 251 1024 superi
263 946 424 1024 placantur,
442 949 564 1006 carmine
573 946 682 1007 llanes.

62 1030 122 1091 ulae
133 1032 237 1108 prisci,
255 1030 344 1090 fortes
357 1046 503 1109 parvoque
517 1031 603 1108 beati,
658 1074 661 1079 -

63 1123 91 1174 ta
106 1122 171 1193 post
180 1114 317 1175 irumenta
331 1115 458 1175 levantes
469 1123 598 1192 ternpore
609 1115 685 1176 leste

62 1215 83 1258 us
98 1206 127 1258 et
140 1200 232 1276 ipsum
242 1200 362 1259 animum
374 1216 428 1277 spe
441 1199 503 1258 linis
515 1199 582 1258 dura
594 1199 741 1275 ferentem,

62 1283 141 1342 sociis
151 1297 286 1361 operum,
307 1284 403 1360 pueris
416 1291 445 1342 et
456 1285 577 1359 coniuge
590 1282 654 1360 lida,

63 1384 111 1425 cm
125 1381 233 1445 porco,
253 1364 395 1426 Silvanum
409 1364 483 1425 lacte
497 1367 619 1442 piabant,

63 1468 100 1509 us
112 1458 141 1509 et
150 1451 217 1510 vinc
230 1448 348 1510 Genium
359 1467 512 1509 memorem
523 1449 619 1508 brevis
630 1451 703 1510 aevi.

63 1532 653 1612 nninaperhuucinventaliceutlamorem

63 1635 105 1677 rus
116 1616 229 1677 alternis
241 1617 394 1696 opprobria
404 1618 509 1677 rustica
522 1615 602 1693 ludit,

65 1718 153 1779 usquc
166 1710 344 1761 recurrentes
354 1709 472 1778 accepta
484 1718 536 1778 per
546 1716 635 1760 annos

63 1784 226 1861 amabiliter,
244 1783 336 1845 donec
347 1785 401 1845 iam
411 1801 515 1844 saevus
526 1792 650 1861 apertam
682 1796 685 1801 '

62 1870 116 1927 iem
128 1870 225 1948 coepit
234 1870 305 1928 verti
316 1869 397 1929 iocus
413 1878 441 1929 et
455 1886 508 1947 per
517 1869 651 1928 honestas

63 1954 124 2012 mus
136 1955 250 2032 impune
260 1953 362 2015 minax.
384 1951 511 2013 Doluere
523 1961 639 2012 cruento

73 2035 213 2114 lacessiti,
232 2036 285 2096 luit
295 2039 406 2098 intactis
422 2055 537 2117 quoque
549 2053 615 2097 cura

63 2121 136 2179 tione
149 2138 236 2198 super
248 2123 404 2197 communi,
423 2124 489 2199 quin
501 2124 584 2182 etiam
593 2120 642 2180 lex

62 2222 118 2281 que
129 2203 198 2282 lata,
213 2203 286 2263 malo
300 2222 373 2282 quae
386 2204 475 2264 nollet
486 2207 608 2264 carmine
620 2221 787 2285 quemquam

63 2287 112 2356 ibi3
130 2297 241 2347 vertere
253 2287 383 2364 modum,
397 2287 545 2347 formidine
560 2287 643 2346 iustis

63 2389 94 2429 ne
108 2370 255 2431 dicendum
267 2370 520 2449 delectandumque
530 2370 647 2429 redacti.

63 2456 86 2514 ia
98 2462 179 2533 capta
190 2455 280 2515 ferum
291 2457 429 2516 rictorem
440 2458 533 2532 cepit,
554 2463 668 2514 et'artce
738 2458 745 2501 ‘-

71 2540 175 2616 agresti
186 2537 278 2599 latio:
297 2540 339 2600 sic
351 2539 480 2601 horridus
492 2539 540 2598 ille

63 2624 89 2683 it
99 2641 231 2682 uumerus
243 2623 402 2700 Saturnius,
413 2632 443 2682 et
453 2641 540 2701 grave
553 2623 630 2680 virus

64 2708 117 2766 tiae
132 2705 287 2784 pepulere3
301 2707 353 2767 scd
364 2709 392 2768 in
402 2705 518 2784 longum
529 2709 620 2767 tamen
631 2722 730 2766 aerum

64 2799 127 2849 runt
142 2789 285 2869 hodieque
295 2800 408 2850 manent
417 2793 539 2867 vestigia
551 2792 634 2848 ruris.
666 2800 670 2813 '

66 2875 140 2933 enim
155 2873 271 2934 Graecis
283 2873 405 2934 admovit
415 2875 541 2935 acumina
552 2873 665 2950 chartis,

64 2966 80 3016 u
92 2955 196 3018 Punica
207 2956 282 3017 bellu
293 2958 404 3035 quictus
418 2975 555 3037 quaerere
568 2959 675 3036 coepit,

64 3041 215 3120 lophocles
230 3049 258 3100 et
269 3039 390 3119 Thespis
402 3050 431 3101 et
442 3041 601 3119 Aeschylus
613 3042 680 3102 utile
691 3039 805 3102 ferrent.

64 3127 95 3185 rit
106 3143 221 3205 quoque
232 3142 291 3185 rem
302 3126 326 3184 si
337 3124 422 3203 digne
432 3135 544 3187 vertere
556 3136 666 3204 posset,

64 3211 118 3269 cuit
129 3209 198 3286 sibi,
212 3217 308 3270 natura
320 3207 445 3271 sublimis
457 3219 486 3271 et
496 3228 578 3271 acer:

64 3293 136 3370 pirat
146 3295 281 3372 magicum
293 3294 360 3355 satis
372 3301 400 3352 et
410 3293 532 3357 feliciter
542 3292 636 3368 audet,

65 3394 145 3455 rpem
157 3385 235 3457 putat
244 3378 345 3440 inscite
354 3379 510 3458 metuitque
520 3377 639 3438 lituram.

990 3314 1001 3323 ε

902 3460 1018 3650 Ι1
