2266 3878
292 285 295 303 ⁴
413 286 687 399 'coloniola
910 298 937 375 [ε

250 444 336 523 Atqui
350 445 490 507 sollicitae
504 447 616 506 nuntium
627 448 770 525 hospitae,

247 527 395 606 Suspirare
409 522 521 590 ¹Chloen
533 539 562 590 et
572 531 706 591 miseram
711 533 795 590 tuis

301 611 407 672 Dioens
422 615 534 691 ignibus
550 615 603 689 uri,
855 618 859 625 ‘

280 719 281 722 ¹
354 694 455 757 Tentat
474 696 551 756 mille
569 657 762 758 vdiermodis.

135 834 140 851 ¹
248 828 286 889 Ut
308 827 440 890 Proetum
454 830 554 890 rnulier
570 829 676 913 perlida
692 830 838 891 credulum

249 910 341 973 Falsis
356 913 498 991 impulerit
516 913 731 990 criminibus,
703 916 785 974 urmis

293 994 379 1056 Casto
392 995 605 1074 Bellerophonti

352 1077 493 1139 llaturare
503 1097 614 1185 necem,
627 1080 731 1150 reiert;

247 1176 347 1264 Narrat
364 1222 454 1283 paene
468 1205 560 1265 datum
574 1204 660 1266 Pelea
678 1203 832 1295 lutare,

248 1286 428 1366 Magnessam
442 1287 615 1367 llippolyteu
628 1288 693 1349 dum
706 1289 778 1366 fugit
792 1273 936 1352 abstinens

297 1371 335 1431 Et
346 1378 468 1450 peceare
480 1372 615 1433 docentes

258 1524 260 1528 7
353 1455 450 1517 Fallax
460 1457 591 1518 historias
602 1465 712 1516 movet:
807 1507 810 1511 ,

248 1588 374 1651 Frustra:
395 1608 459 1651 nam
475 1589 602 1669 seopulis
615 1589 725 1650 surdior
742 1589 815 1650 loari

246 1671 342 1733 Vooes
353 1673 429 1734 audit
439 1673 531 1734 adhue
543 1675 664 1751 integer.
678 1672 762 1734 -rlt
772 1673 823 1734 tibi
848 1712 849 1715 =

288 1756 331 1817 Ne
349 1759 458 1817 rieinus
472 1756 600 1835 Enipeus
625 1771 629 1777 ·

352 1838 504 1899 l’lusiusto
521 1839 642 1918 placeat,
656 1857 746 1909 oaro;

246 1945 381 2044 Quamvis
393 1987 450 2031 uon
465 1971 536 2032 alins
547 1968 663 2031 lleotere
678 1989 781 2050 equum
792 1976 885 2035 sciens

246 2051 348 2132 Aeque
359 2057 532 2133 oouspioitur
542 2057 667 2133 gramine
679 2053 789 2134 Martio,

295 2137 358 2199 Neo
370 2140 519 2217 quisquam
531 2141 602 2198 oitus
615 2156 706 2217 aeque

351 2220 445 2281 'lusoo
453 2221 568 2282 denatat
577 2221 670 2282 alveo.

188 2413 191 2419 ,
245 2353 334 2414 Prima
345 2363 432 2415 noete
443 2354 556 2415 domum
569 2354 681 2432 alaude,
695 2374 789 2435 neque
800 2359 830 2417 in
843 2360 905 2418 rias

223 2438 299 2513 ¹Sul)
317 2447 399 2499 oantu
415 2439 549 2518 querulae
560 2439 678 2518 despite
690 2440 787 2516 tibiae,

293 2518 330 2581 Et
339 2529 369 2581 te
384 2539 472 2601 saepe
489 2527 601 2585 rosanti
643 2565 645 2569 ι
693 2548 696 2557 ·

348 2604 453 2666 Duram
465 2607 587 2668 difficilis
603 2626 693 2668 mane.
768 2618 770 2623 '
891 2646 894 2655 ·

492 2803 622 2814 ιη...-

465 2921 678 2978 (tltltvm,

336 3030 396 3081 Al)
425 3028 793 3086 MAECENATEM.

169 3206 172 3213 ,
240 3137 348 3199 ldartiis
361 3139 475 3200 oaelebs
487 3139 554 3219 quid
565 3110 801 3219 agarn⁵llaleudis‚

241 3219 317 3295 Quid
331 3222 420 3283 velint
431 3222 517 3291 llores
528 3230 557 3282 et
571 3242 669 3285 acerra
684 3225 772 3285 thuris

239 3303 335 3383 Plena,
347 3307 466 3383 miraris,
483 3309 651 3386 positusque
668 3310 753 3368 carbo
765 3310 793 3370 in

97 3458 99 3466 ¹
313 3389 430 3470 Cespite
452 3392 530 3467 uiro,
623 3428 625 3434 -
