2266 3878
27 288 31 301 ’
56 293 211 372 [spissa]
249 286 253 299 '
459 293 569 354 LIBER
582 292 625 388 u.
697 373 699 383 γ

56 446 122 523 Quo
138 465 207 506 sane
222 444 345 523 populus
359 445 554 523 numerabilis,
571 454 670 523 utpote
683 455 795 524 parvus,

54 531 92 593 Et
103 531 178 608 frugi
191 538 343 606 castusque
353 528 588 608 verecundusque
600 529 703 589 coibat.

54 615 209 693 Postquam
220 614 316 690 coepit
327 628 413 690 agros
423 612 576 672 extendere
587 615 697 689 victor,
718 613 855 672 eturbem

54 698 151 759 batior
163 695 296 774 amplecti
308 714 422 772 murus,
437 698 561 775 vinoque
573 695 671 755 diurno

42 781 163 852 *Placari
175 777 280 840 Genius
291 774 374 837 iestis
386 780 498 856 impune
509 780 624 847 diebus;

55 865 189 926 Accessit
200 864 380 943 numerisque
390 861 537 942 modisque
549 863 661 922 licentia
673 865 770 922 maior.

55 948 190 1009 Indoctus
203 946 270 1025 quid
282 948 354 1005 enim
366 956 479 1024 saperet
489 947 617 1025 liberque
628 946 755 1006 laborum

55 1033 190 1092 Rusticus
201 1030 307 1090 urbano
320 1029 472 1106 confusus,
488 1033 578 1108 turpis
593 1027 736 1089 honesto?

57 1117 105 1177 Sic
116 1117 229 1194 priscae
240 1121 402 1191 motumque
413 1123 441 1173 et
452 1113 588 1174 luxuriem
601 1113 706 1174 addidit
720 1113 771 1174 arti

56 1199 175 1260 Tibicen
186 1199 325 1275 traxitque
335 1214 426 1273 vagus
437 1214 490 1275 per
502 1197 609 1276 pulpita
619 1208 759 1268 vesteme
784 1254 786 1258 ,

58 1284 106 1344 Sic
118 1284 204 1341 etiam¹
214 1279 314 1340 iidibus
324 1296 414 1338 voces
427 1297 543 1339 crevere
558 1284 677 1359 severis,

55 1365 91 1426 lit
102 1365 165 1425 tulit
179 1363 321 1443 eloquium
331 1363 472 1422 insolitum
486 1364 614 1423 facundia
628 1382 778 1442 praeceps,

56 1450 228 1527 Utiliumque
240 1466 327 1525 sagax
338 1465 431 1506 rerum
443 1456 472 1506 et
484 1446 575 1507 divina
587 1446 671 1506 futuri

57 1532 207 1611 Sortilegis
221 1549 278 1591 non
292 1531 447 1609 discrepuit
458 1533 595 1591 sententia
605 1529 736 1608 Delphis.

58 1616 186 1678 Carmine
198 1617 245 1694 qui
260 1616 368 1693 tragico
381 1614 467 1674 vilem
481 1616 597 1674 certavit
609 1615 646 1673 ob
656 1615 773 1688 hircum,

56 1700 123 1761 liox
138 1701 221 1759 etiam
235 1708 364 1776 agrestes
375 1699 491 1774 Satyros
502 1698 615 1757 nudavit
629 1707 658 1757 et
669 1714 753 1775 asper

56 1783 193 1844 Incolumi
205 1784 342 1861 gravitute
351 1784 444 1841 iocum
458 1784 574 1841 tentavit
584 1799 636 1858 eo,
654 1780 730 1860 quod

57 1867 204 1929 illecebris
220 1874 279 1927 erat
290 1874 319 1924 et
332 1874 411 1944 grata
421 1869 546 1925 novitate
557 1865 707 1925 morandus

58 1952 208 2031 Spectator
219 1951 387 2030 iunctusque
399 1952 488 2010 sacris
500 1959 529 2010 et
539 1959 623 2028 potus
638 1959 666 2009 et
678 1949 770 2010 exlex.
1064 1993 1072 2003 ,

57 2035 209 2094 Verumita
222 2035 344 2111 risores,
361 2036 399 2095 ita
412 2034 606 2096 commendare
623 2033 737 2094 dicaces
960 2033 1020 2095 225
1092 2037 1095 2040 ’

58 2116 215 2180 Conveniet
226 2118 359 2194 Satyros,
376 2120 414 2178 ita
425 2128 538 2178 vertere
550 2121 624 2179 seria
634 2118 712 2195 ludo,
1073 2125 1076 2129 '

57 2201 117 2278 Ne,
134 2203 295 2281 quicunque
306 2200 396 2277 deus,
414 2204 575 2280 quicunque
586 2202 763 2262 adhibebitur
773 2203 868 2276 beros,
943 2237 952 2248 -

56 2284 158 2364 Regali
171 2293 341 2362 conspectus
352 2286 380 2344 in
391 2302 460 2344 auro
468 2302 566 2363 'nuper
577 2294 605 2343 et
617 2294 705 2360 ostro,
725 2341 728 2346 ,

56 2368 160 2447 biigret
170 2370 198 2427 in
209 2369 345 2429 obscuras
355 2369 451 2449 humili
465 2386 596 2428 sermone
610 2368 751 2444 tabernas,

55 2453 128 2529 Ant,
147 2451 211 2511 dum
221 2453 290 2512 vitat
300 2453 428 2529 humum,
447 2452 536 2512 nubes
552 2461 581 2512 et
595 2453 685 2511 inania
697 2459 800 2530 captet.

55 2536 173 2597 Elimire
188 2534 268 2596 leves
283 2535 395 2613 indigna
405 2535 550 2613 tragoedia
560 2552 670 2611 versus,

55 2620 92 2680 Ut
103 2620 186 2679 iestis
196 2629 321 2679 matrona
331 2622 438 2679 moveri
453 2621 529 2679 iussa
540 2618 650 2695 diebus,
679 2659 686 2669 -

56 2702 187 2764 Intererit
199 2703 305 2778 Satyris
322 2702 433 2780 paulum
448 2701 607 2780 pudibunda
618 2702 769 2779 protervis.

56 2787 119 2848 Non
132 2803 189 2864 ego
204 2788 330 2846 inornata
341 2795 370 2845 et
381 2785 547 2847 dominantia
560 2788 671 2846 nomina
685 2784 778 2845 solum

55 2871 223 2948 Verbaque,
239 2868 373 2946 Pisones,
391 2869 552 2945 Satyrorum
564 2871 686 2948 scriptor
697 2870 806 2946 amabo,

55 2954 118 3015 Nec
130 2955 173 3014 sic
184 2957 273 3013 enitar
284 2956 393 3030 tragico
406 2952 518 3013 differre
530 2952 630 3031 colori,

55 3039 93 3100 Ut
104 3037 173 3098 nihil
188 3040 312 3113 intersit,
328 3036 460 3097 Davusne
472 3037 601 3116 loquatur
612 3047 640 3097 et
651 3037 741 3098 audax
825 3093 828 3097 ,

54 3121 189 3199 Pythias,
209 3131 338 3182 ernuncto
353 3121 460 3182 lucrata
472 3121 587 3183 Simone
601 3122 743 3201 talentum,

55 3205 101 3266 An
116 3215 214 3265 custos
225 3206 403 3285 famulusque
414 3206 460 3266 dci
471 3206 583 3266 Silenus
594 3206 705 3266 alumni.
829 3209 832 3214 ’

36 3342 39 3348 .
55 3289 101 3351 Ex
114 3299 182 3350 noto
196 3290 290 3348 lictum
305 3308 417 3350 carmen
428 3308 547 3370 sequar,
565 3300 595 3350 ut
608 3291 662 3349 sibi
674 3287 766 3367 quivis
883 3307 886 3311 ·
961 3280 1022 3347 240

56 3376 161 3454 Sperct
174 3371 268 3449 idem,
282 3372 364 3434 sudet
374 3374 489 3444 multum
499 3373 658 3451 bucusque
671 3370 781 3431 laboret
1004 3440 1005 3447 ἵ
