2266 3878
152 291 214 357 usa
526 291 744 354 snuruaauu
1000 296 1096 373 [sam

233 447 401 521 bibentusve
412 463 510 506 senem
521 445 640 505 delirum
650 444 872 524 tennperet;iliis
1023 508 1026 512 ,

233 530 363 591 Aeeedas
376 532 489 607 socius,
503 528 620 605 laudes,
634 529 756 589 lauderis
770 539 800 589 ut
811 530 929 589 absens:

232 614 353 675 Adiuvat
366 615 422 675 boo
434 630 566 693 quoque,
579 612 631 672 sed
641 615 728 672 vineit
739 612 826 692 longe
839 615 918 692 prius
929 615 1020 692 ipsum

232 696 508 781 Expugnarexoaput.
528 688 640 757 Scribet
653 696 725 756 maia
737 699 858 757 earmina
870 711 990 757 vecors:

170 784 211 846 75
232 780 366 842 Laudato.
386 781 533 842 Soortator
543 783 609 841 enit:
623 799 693 841 eave
704 788 733 839 te
747 790 848 858 rogem
859 780 934 841 ultro

118 902 121 907 ·
233 863 405 944 Penelopam
419 865 511 926 iaoilis
523 867 627 942 potiori
638 863 726 924 trade.
750 862 829 925 urse.
845 862 978 942 Putasne,

231 948 350 1009 Perduei
363 951 468 1028 poterit
478 958 535 1009 tam
545 948 620 1026 irugi
631 957 745 1025 tamque
755 947 868 1026 pudiea,

232 1031 322 1106 Quam
333 1035 471 1112 nequiere
483 1035 564 1110 proci
575 1040 655 1091 neoto
668 1030 815 1109 depellere
826 1028 933 1093 cursui

234 1116 297 1176 Tir.
306 1116 392 1176 Venit
403 1119 487 1191 enim,
500 1133 630 1193 magnum
641 1114 761 1175 donandi
773 1132 874 1193 paron,
887 1118 1025 1192 iuventus,

168 1202 210 1265 80
231 1199 293 1259 Neo
304 1208 409 1259 tantum
420 1199 541 1258 Veneris
558 1207 688 1277 quantum
702 1199 828 1260 studiosa
844 1198 970 1261 culinae:

232 1283 280 1343 Sic
292 1283 342 1342 tibi
354 1281 499 1360 Penelope
509 1283 584 1361 frugi
597 1290 657 1358 est,
673 1301 748 1360 quae
760 1285 785 1343 si
795 1283 885 1343 semel
896 1285 953 1343 uno

229 1366 275 1426 De
289 1385 359 1427 seno
369 1368 489 1445 gustarit
499 1375 594 1426 tecum
605 1368 705 1444 partita
717 1365 861 1444 lucellum,

230 1449 267 1509 Ut
278 1452 475 1510 canisaoonio
486 1469 626 1528 nunqnam
639 1450 841 1510 absterrebitur
851 1460 949 1511 uncto.
1004 1486 1007 1491 -
1043 1510 1051 1519 ,

230 1533 374 1611 Mesene,
393 1534 588 1614 quadrimam,
602 1535 706 1594 iaetum
718 1543 777 1594 est:
790 1551 859 1594 anus
871 1535 998 1613 improba
1006 1530 1088 1593 'ibabit

169 1618 209 1679 85
229 1617 273 1677 En
285 1627 453 1678 testamento
467 1619 509 1678 sio
524 1627 568 1678 est
580 1617 666 1678 elata:
683 1616 804 1677 cadaver

229 1700 347 1761 Unotum
359 1701 425 1761 oleo
439 1701 520 1779 largo
534 1702 617 1761 nudis
628 1702 751 1760 humeris
762 1700 825 1761 tulit
835 1701 933 1778 heres,

230 1783 347 1845 Seiiieet
359 1783 432 1845 elabi
444 1787 469 1844 si
480 1794 580 1862 posset
590 1784 823 1862 mortnamnedo,
958 1846 963 1853 ,

230 1868 314 1941 Quod
328 1870 442 1927 niniium
455 1870 594 1929 institerat
604 1869 721 1928 viventi.
743 1865 849 1928 Cautus
856 1862 948 1946 adito,
976 1911 990 1936 ·.

228 1950 292 2011 Neu
304 1950 382 2010 desis
394 1968 516 2029 operae,
529 1969 602 2010 neve
613 1951 812 2012 immoderatus
824 1950 960 2011 abundes.

166 2035 208 2097 90
228 2033 382 2094 Diiiioilem
395 2043 423 2093 et
437 2050 581 2094 morosum
599 2035 723 2096 offendet
734 2034 876 2113 gamuius:
888 2034 962 2096 uitro

115 2156 118 2161 -
228 2116 292 2195 Non
304 2119 387 2177 etiam
398 2117 498 2188 sileam
509 2118 606 2180 Davus
616 2121 656 2179 sis
668 2122 811 2196 comicus,
826 2127 912 2196 atquo
1016 2150 1025 2163 -›

228 2201 294 2261 Stes
307 2203 401 2279 eapite
412 2202 543 2280 obstipo,
563 2203 678 2262 muitum
689 2203 789 2262 similis
800 2202 945 2263 metuenti.

228 2283 374 2363 Obsequio
386 2281 644 2364 grassarmmone,
664 2289 689 2346 si
700 2287 853 2347 increbruit
864 2304 942 2361 aura,
995 2320 1000 2345 ε

229 2367 334 2430 Cautus
346 2372 386 2429 uti
396 2369 474 2431 volet
490 2388 584 2430 earum
595 2378 694 2448 eaput3
710 2370 826 2431 extrahe
836 2370 918 2430 turba
1031 2428 1034 2434 .

164 2458 204 2519 95
228 2451 375 2531 Oppositis
387 2453 525 2524 hamarim
539 2473 635 2515 aunem
645 2454 811 2531 substringe
821 2452 946 2532 ioquaei.

226 2534 405 2614 Importunas
414 2546 487 2599 amat
496 2537 619 2598 landari:
632 2537 724 2598 donee
736 2536 823 2614 „Oba
833 2536 940 2598 iami‘i
1028 2612 1030 2617 ,

225 2619 270 2679 Ad
281 2619 393 2680 coelum
406 2622 533 2681 manibus
545 2621 662 2683 sublatis
674 2621 790 2697 dixerit,
802 2639 873 2698 urge
885 2630 915 2681 et

226 2702 409 2764 Crescentem
421 2704 533 2766 tumidis
544 2705 609 2766 infla
621 2706 797 2766 sermonibus
808 2714 909 2765 utrem.

182 2864 186 2868 ᾗ
226 2784 296 2846 cun
306 2796 336 2847 te
346 2791 462 2848 servitio
474 2789 561 2869 longo
571 2793 697 2868 ¹auraque
708 2789 818 2864 levarit

143 2876 203 2939 100
225 2870 262 2930 Et
274 2879 381 2930 eertum
391 2872 512 2951 vigilans
524 2873 673 2952 „Quantae
690 2883 754 2934 esto
766 2873 853 2951 partis
868 2870 1006 2937 Ulixes“.

141 2960 143 2965 ’
223 2954 358 3015 Audieris
372 2956 519 3033 ‚‚henes“:
537 2957 639 3036 „Engo
651 2975 724 3017 nune
734 2956 824 3017 Dama
836 2954 943 3016 sodalis
972 2973 976 2981 ·

224 3037 393 3117 „Nusquam
407 3038 470 3101 esti
481 3040 556 3100 unde
568 3043 635 3100 mibi
645 3050 701 3100 tam
711 3042 814 3103 iontem
826 3049 941 3118 tamque
952 3027 1090 3099 buslani‘

224 3123 336 3202 Sparge
346 3123 465 3182 subinde
486 3132 531 3199 et,
556 3125 580 3183 si
593 3124 705 3202 paulum
719 3134 821 3204 potes,
843 3122 1071 3201 illaprimare:ast

224 3204 330 3266 Gaudia
340 3205 506 3284 prodentem
517 3205 624 3266 vultum
638 3207 742 3268 celare.
765 3207 937 3287 Sepulorunn
1061 3254 1066 3263 .

128 3282 199 3352 '105
222 3288 392 3352 Permissum
404 3288 518 3349 arbitrio
531 3291 592 3350 sine
604 3291 735 3352 sordibus
752 3301 881 3375 exstrue:
897 3290 981 3353 ianus

220 3371 347 3450 Egregie
357 3372 462 3435 iactum
472 3372 567 3435 laudet
578 3376 690 3437 simnia.
710 3376 743 3436 st
753 3377 816 3455 quis
858 3368 861 3373 ’
928 3426 930 3433 ,

64 3564 213 3640 h..
