2266 3878
73 295 108 370 a]
377 292 490 355 anun
499 293 536 354 11.

73 462 115 503 rus
127 463 164 504 ex
173 448 281 523 magnis
294 440 387 505 subito
399 464 432 505 se
443 447 596 524 conderet,
611 447 685 508 undo

73 530 118 588 ior
128 531 219 588 exiret
228 532 277 589 rix
286 529 433 589 libertinus
445 531 577 598 honeste;

73 613 195 672 mechus
205 613 329 689 Romae,
344 615 400 672 iam
411 612 505 672 mallet
517 613 616 672 doctor
627 612 747 675 Athenis
858 624 862 632 “

72 714 110 773 c,
124 695 300 773 Vertumnis,
317 705 455 775 quotquot
468 706 547 772 sunt,
563 705 643 757 natus
654 697 767 776 iniquis.

72 797 89 839 a
103 779 287 856 Volanerius,
306 789 454 858 postquam
469 780 510 839 ilii
520 783 593 840 iusta
604 781 739 858 cheragra
908 788 946 850 15

73 862 119 922 [dit
134 862 286 940 articulos,
303 866 350 942 qui
363 881 414 942 pro
427 882 458 923 se
470 863 583 923 tolieret
593 873 678 942 atque

73 954 109 1005 ·et
124 948 151 1004 in
163 947 285 1024 phimum
296 947 386 1023 talos,
401 947 534 1007 mercede
546 947 643 1007 diurna

73 1038 161 1088 actum
172 1033 262 1108 pavit:
281 1040 385 1109 quanto
397 1033 571 1091 constantior
585 1029 675 1090 isdcin

73 1115 118 1190 lis,
134 1122 210 1172 tanto
221 1113 312 1174 iccius
324 1117 409 1174 miser
420 1132 453 1174 ac
466 1117 544 1193 prior
555 1113 615 1191 ilio,

73 1216 105 1258 rm
117 1206 271 1274 conteutoq
279 1201 334 1257 iam
346 1198 410 1257 laxo
423 1199 489 1258 func
500 1198 617 1258 laborat.
905 1211 945 1272 20
1031 1234 1033 1245 ,

73 1279 126 1339 ion
138 1280 217 1340 dices
229 1282 325 1358 hodie,
338 1299 472 1360 quorsum
483 1282 554 1341 haec
566 1291 621 1340 tarn
633 1282 727 1360 putida
738 1282 861 1359 tendant,

73 1361 131 1423 ier?
156 1363 348 1442 Duo.hdte‚
372 1368 494 1442 inquam.
516 1365 589 1425 Her.
606 1364 670 1437 Quo
682 1375 776 1444 pacto,
797 1384 862 1445 pes·

175 1466 178 1474 ’
417 1474 419 1478 ’
486 1445 800 1509 summouentium

73 1549 130 1591 nam
143 1540 171 1591 et
181 1549 275 1592 moros
288 1531 544 1610 antiquae-plebis,
563 1531 688 1607 otiien,

73 1634 87 1674 s
104 1615 139 1675 ad
151 1615 198 1675 illa
212 1617 283 1676 deus
295 1617 387 1676 subito
401 1625 430 1674 te
444 1624 525 1693 agat,
544 1632 635 1693 usque
646 1632 775 1691 recuses,

73 1701 112 1758 ria
124 1703 298 1777 honorantis,
313 1699 390 1778 quod
402 1699 515 1772 clamas,
529 1701 635 1758 rectius
646 1716 723 1774 csse,

73 1786 114 1842 uia
124 1799 181 1842 non
192 1784 286 1843 firmus
297 1794 405 1843 rectum
417 1783 556 1858 dcicndis,
570 1782 709 1841 ethaeros

74 1866 176 1946 dquam
188 1883 279 1927 coeno
292 1870 410 1946 cupiens
423 1867 547 1933 evellere
563 1865 692 1944 plantam.

73 1968 145 2010 crus
157 1960 255 2029 optas;
266 1953 412 2011 absentem
425 1954 548 2011 rusticus
559 1950 657 2010 urbem

79 2034 114 2093 ad
124 2043 199 2094 astra
211 2035 292 2094 lavis.
326 2036 357 2095 Si
371 2054 507 2113 nusquam
520 2053 552 2094 es
570 2035 644 2093 forte
657 2040 774 2091 vocatus

72 2128 167 2194 enam,
181 2117 278 2178 laudas
290 2137 420 2179 securam
433 2120 496 2179 olus
508 2137 552 2195 ac,
567 2117 644 2177 velut
655 2134 774 2194 usquam

73 2220 95 2261 rs
107 2220 171 2277 eas,
185 2200 264 2262 itate
276 2202 389 2261 inlicem
401 2202 472 2262 dicis
484 2219 628 2280 annaque,

73 2304 209 2364 nusquam
220 2286 270 2345 tibi
281 2289 318 2345 sit
333 2286 493 2364 potandum.
502 2284 633 2348 iusserit
644 2281 679 2342 ad
690 2299 723 2341 se

73 2386 128 2428 inas
145 2389 238 2429 serum
250 2370 302 2428 suh
314 2370 416 2429 lumina
428 2371 516 2447 prima
526 2369 625 2427 venire

73 2472 149 2512 vam:
167 2453 310 2530 „Ncmon’
322 2452 418 2513 oleum
428 2455 503 2513 feret
517 2447 620 2511 ocius?
632 2449 732 2526 ecquis

75 2533 131 2596 t?“
146 2555 209 2597 cum
224 2555 326 2616 magno
337 2537 458 2596 blateras
471 2536 593 2595 clamore
603 2534 747 2610 iugisque.

73 2639 97 2679 rs
110 2630 138 2680 ct
149 2639 282 2697 scurrae,
297 2623 347 2680 tihi
358 2637 415 2680 non
426 2619 575 2679 referenda
588 2617 706 2695 precati,

73 2703 142 2763 hunt.
167 2705 302 2781 „Etenim
317 2706 408 2765 fateor
418 2707 488 2764 mc“
500 2703 600 2762 dixerit
611 2699 674 2770 ille,

85 2796 184 2848 venno
194 2789 286 2848 levem
298 2816 307 2866 3
320 2807 417 2848 nasum
431 2786 531 2847 nidore
541 2787 668 2864 cupium,
756 2853 758 2855 ,

73 2871 173 2948 acilius,
191 2867 280 2946 'iners
293 2875 317 2932 si
329 2872 396 2951 quid
407 2873 461 2948 vis,
474 2870 557 2946 addc,
569 2869 687 2947 popino.
761 2926 764 2934 ,

73 2973 116 3014 nm
128 2957 168 3015 sis
181 2956 257 3035 qnod
271 2975 326 3034 ego
340 2966 367 3016 et
378 2957 508 3016 fortassis
519 2955 650 3032 nequior,
662 2950 736 3012 ultro

73 3048 147 3099 :tere
157 3040 237 3099 velut
245 3039 361 3117 melior,
374 3041 526 3118 verbisque
539 3039 653 3098 decoris

73 3121 142 3183 ulvas
154 3121 296 3184 νίιίιιῐηῗιι
314 3122 403 3200 Quid,
417 3127 441 3184 si
452 3142 498 3183 me
514 3122 626 3182 stultior
637 3123 702 3199 ipso

73 3209 143 3266 entis
155 3218 229 3268 emto
242 3207 382 3268 drachmis
397 3203 602 3285 deprenderis?
615 3203 705 3264 Aufer

73 3290 107 3350 itu
118 3300 240 3362 terram
256 3309 365 3352 manum
377 3291 608 3368 stomachumque
619 3295 726 3362 teneto,

73 3393 145 3453 quac
158 3373 281 3454 Crispini
295 3375 391 3435 docuit
401 3392 447 3434 mc
458 3375 569 3450 ianitor,
583 3370 648 3430 cdo.
695 3390 705 3411 ψ
