2266 3878
91 293 191 370 [npas.
204 290 256 370 n]
501 290 612 353 urnun
621 291 644 352 1.

364 568 367 573 ι
408 496 737 553 mnusnonuxr.

365 602 422 654 no
457 604 776 657 sununrnum.

89 723 165 798 outo
179 723 230 785 tibi
240 725 301 785 risa
313 720 418 799 Chios,
430 722 547 800 Bullati‚
564 733 687 804 uotaque
697 725 818 802 besbos,

88 807 164 882 Quid
176 809 312 869 oouoinna
323 806 439 884 Samos,
459 806 526 884 quid
538 804 638 867 Croesi
649 812 728 888 regia
739 809 845 886 Sardis,

88 892 208 968 Smyrna
219 890 286 971 quid
298 899 327 950 et
338 886 507 968 Colophon?
525 893 629 951 maiora
642 895 785 954 minorare
797 888 889 953 lama?

89 972 234 1035 (luuotane
248 992 316 1054 prae
330 991 428 1053 cumpo
440 983 469 1034 et
481 972 613 1034 Tiberino
624 975 737 1037 flumine
748 976 874 1054 sordent,

88 1059 131 1119 An
145 1060 244 1118 venit
235 1076 264 1119 ru
275 1067 371 1119 votum
381 1055 510 1119 Attalicis
525 1075 560 1118 ex
570 1059 686 1120 urbibus
697 1079 761 1139 una,
1034 1065 1052 1126 5

89 1135 132 1202 Au
142 1140 289 1203 Lebedum
302 1141 399 1201 laudas
412 1141 477 1202 odio
489 1142 572 1202 maris
583 1152 668 1222 atque
683 1141 809 1205 viarum?

90 1227 168 1304 sris,
184 1224 314 1286 Lebedus
326 1224 393 1305 quid
404 1228 454 1285 sit:
471 1223 566 1285 Gabiis
578 1224 719 1289 desertior
729 1238 813 1309 atque

88 1309 202 1370 Fidenis
215 1312 309 1379 rious3
320 1318 412 1370 tamen
423 1308 519 1368 illio'
491 1327 589 1368 viuere
601 1310 717 1388 v'sllem

90 1393 259 1472 Oblitusque
269 1410 396 1455 meomm
408 1391 619 1452 obliviscendus
633 1403 661 1452 et
672 1393 728 1454 illis

87 1475 247 1555 Neptunum
259 1477 358 1555 procul
370 1486 470 1536 eterra
481 1485 611 1553 spectare
623 1477 770 1537 furentem.
833 1489 837 1495 ·

88 1560 145 1621 Sed
156 1579 267 1640 neque,
290 1556 338 1639 qu'i
349 1558 573 1638 Capuallomam
584 1563 670 1637 petit,
685 1561 773 1620 imbre
784 1561 901 1640 lutoque

88 1645 250 1724 Adsporsus
261 1643 377 1704 voletin
392 1659 518 1722 caupona
529 1645 640 1713 virere3
658 1662 727 1720 neo,
743 1646 791 1722 qui

86 1728 189 1807 Frigus
202 1728 334 1807 collegit,
348 1727 445 1787 furnos
458 1736 485 1787 et
496 1727 595 1787 balnea
606 1727 710 1805 laudat,

86 1813 124 1874 Ut
136 1813 303 1873 fortunatam
314 1811 399 1889 plene
411 1812 578 1889 praestantia
591 1815 685 1872 vitam.

87 1896 167 1974 Nee,
188 1898 213 1956 si
224 1905 253 1955 te
264 1893 373 1956 validus
385 1896 530 1969 iactaverit
540 1895 645 1956 Auster
656 1898 684 1956 in
696 1894 764 1970 alto,

87 1979 202 2041 ldorroo
211 1998 310 2040 navem
320 1988 395 2039 mans
405 1979 551 2058 Aegaeum
562 1999 638 2040 mare
649 1980 764 2041 vendas

85 2064 222 2125 luoolumu
233 2063 350 2123 llbodos
362 2073 392 2123 et
401 2063 536 2139 Mitylene
547 2064 663 2143 pulchra
674 2063 759 2140 iamt
782 2063 858 2142 quod

85 2147 208 2210 Paenula
219 2146 357 2223 solstutro
378 2157 537 2224 campestre
549 2148 688 2208 nivalibus
699 2166 783 2223 sums

86 2228 139 2292 Per
150 2230 275 2292 bmmam
287 2191 414 2306 libabis,
431 2230 530 2290 Sextili
546 2250 642 2291 mense
655 2235 788 2291 caminus.

85 2315 159 2377 Dum
168 2315 237 2375 lieet
246 2332 280 2375 ao
291 2314 397 2375 vultum
409 2323 501 2374 servat
511 2313 633 2374 Fortuna
644 2315 806 2393 benignum,

85 2399 193 2460 llomae
203 2397 331 2459 laudetur
342 2400 441 2459 Samos
454 2407 482 2458 et
494 2397 581 2459 Chios
594 2407 622 2458 et
632 2397 749 2458 Rhodos
761 2398 874 2457 absens.

87 2482 142 2561 Tu,
163 2500 358 2562 quameunque
371 2482 440 2542 deus
451 2483 501 2542 tibi
511 2482 696 2543 fortunaverit
706 2482 814 2559 horam,

87 2565 170 2628 Grata
181 2584 259 2627 sume
272 2582 369 2643 manu,
387 2585 443 2626 neu
459 2565 549 2627 duloia
561 2566 642 2626 differ
652 2568 681 2625 in
691 2583 800 2642 aunum,

85 2651 136 2728 Ut,
152 2667 321 2730 quoeunque
331 2648 397 2710 looo
409 2651 514 2729 fueris,
533 2651 639 2711 vixisse
651 2650 771 2709 libenter

86 2732 126 2795 Te
137 2733 232 2796 dicas:
249 2753 312 2794 nam
326 2736 350 2794 si
361 2736 431 2794 ratio
444 2743 472 2794 et
484 2733 629 2812 prudentia
641 2751 733 2810 ouras,

85 2817 148 2880 llon
163 2818 245 2879 loeus
260 2819 343 2878 eliusi
353 2816 409 2878 late
421 2819 503 2877 maris
515 2818 619 2878 arbiter
630 2817 734 2888 aulem

86 2899 221 2980 Goelum,
237 2917 293 2964 non
304 2904 423 2965 animum
433 2909 552 2978 mutant,
574 2903 621 2980 qui
631 2909 707 2960 trans
718 2919 793 2961 mare
806 2908 927 2962 currunt.

84 2986 203 3047 Strenua
213 3003 266 3048 nos
278 2995 392 3049 exercet
402 2987 517 3046 inertia:
534 2986 651 3046 navibus
663 2994 747 3066 atque

85 3069 237 3150 Quadrigis
249 3074 369 3149 petimus
380 3070 454 3130 bene
465 3072 574 3130 vivere.
598 3069 682 3144 Quod
694 3071 783 3148 petis,
800 3069 847 3130 bio
859 3076 912 3144 est,

83 3152 136 3215 Est
146 3153 277 3232 Ulubris,
296 3157 401 3216 animus
415 3156 439 3214 si
449 3163 478 3215 te
489 3172 545 3215 non
562 3154 656 3215 deficit
671 3173 788 3235 aequus.

489 3367 637 3375 *-
