2266 3878
47 297 129 392 aus
142 299 197 368 πα]
357 376 361 383 ¹
420 294 530 356 amun
543 295 580 356 11.
931 297 972 360 55

163 443 205 504 'l'e
217 440 394 509 viffitinsons
410 444 552 511 Cerberus
564 448 649 506 aureo
701 498 703 504 ,
725 500 729 507 .
757 480 761 487 ,
907 518 936 530 Γ

163 527 259 590 Gomu
272 528 415 605 decorum,
432 530 533 589 leniter
544 539 666 590 atterens
930 537 973 598 30

194 622 201 631 ‘
215 609 350 688 Gaudam,
366 621 394 671 et
408 613 571 673 recedentis
582 613 706 692 trilingui

268 694 326 755 Orc
342 696 431 774 pedes
442 699 592 775 tetigitque
604 715 693 760 crura.
806 752 809 759 .

406 858 738 1037 „Raso

218 1079 263 1131 Al)
283 1079 315 1131 0.
334 1077 489 1131 0‘ILNIUM
505 1075 771 1131 ΜΑΕΟΕΝΑΤΕΜ.

162 1188 228 1250 Non
238 1192 339 1249 usitata
350 1206 404 1248 nec
418 1190 494 1247 tenui
506 1186 582 1247 lerar
602 1258 603 1263 η

163 1272 256 1333 Penne
269 1272 397 1332 bilormis
409 1289 460 1349 per
472 1271 607 1350 liquidum
619 1272 732 1332 aethera

212 1356 308 1432 Vates,
321 1373 415 1433 neque
426 1357 546 1414 interris
563 1357 694 1415 morabor

278 1439 415 1516 Longius,
430 1437 590 1516 invidiaque
602 1442 691 1498 maior
717 1436 720 1441 ’

161 1561 254 1623 Urbes
268 1561 432 1639 relinquam.
467 1559 532 1620 Non
544 1577 610 1637 ego,
624 1578 778 1638 pauperum
952 1568 970 1629 5

165 1646 286 1723 Sanguis
299 1653 454 1720 parentum,
469 1661 526 1703 non
539 1659 605 1721 ego,
619 1662 703 1722 quem
722 1661 811 1705 vocas

219 1727 393 1805 ‚‚Dilectc“,
413 1728 575 1803 Maecenas,
594 1727 680 1805 obibo

268 1810 330 1870 Nec
344 1812 441 1889 Stygia
454 1810 611 1870 cohibebor
621 1810 703 1870 unda.

163 1932 221 1993 lam
230 1936 283 1994 iam
295 1934 420 1993 residunt
431 1935 557 1994 cruribus
569 1952 687 2014 asperae
764 1970 766 1978 ·

142 2061 144 2064 ψ
164 2015 256 2077 Pelles
268 2027 296 2076 et
307 2017 399 2079 album
410 2027 501 2077 mutor
511 2019 540 2077 in
551 2016 643 2079 alitem

207 2101 344 2179 Supeme‚
356 2111 562 2180 nascunturque
574 2101 654 2161 leves
895 2157 899 2176 ,

210 2263 213 2276 1
264 2183 318 2244 Per
328 2185 431 2263 digitos
443 2185 632 2263 humerosque
643 2185 764 2265 plumae.
854 2190 861 2198 '

162 2305 219 2367 lam
229 2307 374 2367 Daedaleo
388 2311 467 2367 ocior
480 2307 560 2369 lcaro
606 2375 610 2387 Ι

162 2389 257 2452 Visam
267 2393 406 2468 gementis
421 2391 503 2450 litora
514 2393 635 2470 Bospori

185 2466 188 2477 “
213 2474 370 2553 Syrtcsque
382 2473 513 2534 Gaetulas
529 2491 649 2534 canorus

266 2557 336 2617 Ales
347 2556 607 2636 Hyperboreosque
619 2576 744 2641 campos.

162 2675 209 2738 lle
221 2675 346 2738 Colchus
359 2688 397 2754 et,
411 2682 458 2757 qui
470 2679 623 2760 dissimulat
634 2690 737 2743 metum

161 2759 272 2822 llursae
288 2763 422 2839 cohortis,
434 2762 530 2823 Dacus
545 2773 573 2822 et
584 2763 671 2824 ultimi

218 2844 347 2906 Noscent
362 2845 471 2915 Gelonh
484 2866 528 2907 me
540 2850 648 2926 peritus

262 2928 363 2989 Discct
376 2928 463 2990 Hiber
473 2931 660 3011 Rhodanique
672 2943 765 3013 potor.
931 2936 973 2998 20

82 3099 85 3106 .
161 3041 263 3105 Absint
273 3047 346 3105 inani
358 3045 456 3106 lunere
467 3032 567 3108 neniae

161 3123 321 3207 Luctusque
331 3138 429 3207 turpes
441 3141 471 3191 et
482 3134 686 3211 querimoniae:

226 3209 385 3290 Compesce
399 3216 549 3276 clamorem
561 3233 595 3275 ac
607 3215 731 3293 sepulcri

269 3295 349 3356 hlitte
362 3316 555 3376 supervacuos
568 3300 702 3359 honores.

416 3426 564 3435 ——n—-n-
