2266 3878
198 289 259 361 too
569 244 784 350 sannnnnun
1039 293 1042 370 ι

277 444 315 505 Di
325 443 397 504 bene
408 429 551 516 iecerunt,
565 443 659 519 inopis
674 460 719 500 me
733 441 866 519 quodque
879 441 976 519 pusilli

277 528 428 588 Finxernnt
438 527 534 599 animi,
546 542 609 584 raro
624 534 652 584 et
665 543 806 602 perpauca
819 524 962 602 loquentis
969 548 977 595 ;

277 610 314 670 At
323 619 353 670 tu
365 609 513 670 conclusas
524 607 638 669 hircinis
655 608 769 668 follibus
784 626 865 687 anras

216 697 256 758 20
276 693 374 771 Usque
385 694 560 768 laborantes,
575 691 640 750 dum
651 692 753 751 ferrum
763 691 869 751 molliat
880 693 966 770 ignis,

275 777 313 838 Ut
322 779 425 854 mavis
442 778 560 836 imitare.
582 774 684 835 Beatus
696 775 816 836 Fannius
832 774 906 834 ultro

275 860 383 921 Delatis
396 863 490 940 capsis
502 869 532 919 et
542 861 680 936 imagine,
701 877 764 918 cnm
774 877 836 918 mea
848 876 932 918 nemo

275 944 386 1022 Scripta
397 944 489 1022 legat,
501 942 588 1019 vulgo
600 944 718 1003 recitare
729 944 850 1001 timentis
862 942 898 1001 ob
910 943 983 1023 banc
995 962 1042 1003 ren

275 1026 360 1102 Quod
373 1037 437 1088 sunt
458 1041 529 1105 quos
551 1044 641 1104 genus
653 1027 831 1086 huominime
851 1028 943 1102 iuvat,
966 1035 1042 1105 utpot

850 1108 947 1187 plures

214 1193 252 1256 25
273 1180 389 1272 'culpant
401 1194 512 1271 dignos.
536 1192 671 1267 Quemvis
685 1191 776 1251 media
785 1191 860 1270 elige
867 1193 958 1268 turba,

273 1277 329 1338 Aut
344 1279 380 1338 ob
392 1280 533 1338 avaritiam
544 1286 590 1338 aut
600 1278 701 1336 misera
712 1277 861 1336 ambitione
872 1275 992 1337 laborat

272 1360 326 1420 Hic
339 1370 485 1439 nuptarum
496 1353 596 1421 insanit
605 1361 762 1435 amoribus,
775 1359 821 1418 hio
833 1377 999 1439 puerorum;

272 1440 352 1504 Hunc
363 1447 438 1523 capit
449 1447 557 1523 argenti
571 1444 719 1523 splendor;
734 1453 828 1520 stupet
837 1442 937 1502 Albius
949 1461 1034 1514 aere;

271 1527 325 1588 Hic
335 1538 421 1589 mutat
430 1547 541 1588 merces
553 1537 685 1607 surgente
697 1546 712 1587 a
724 1526 786 1586 sole
799 1527 834 1587 ad
845 1545 923 1603 eum,
938 1545 996 1605 quo

209 1607 250 1670 30
269 1611 437 1690 vespertina
449 1622 527 1690 tepet
538 1615 633 1691 regio;
652 1612 718 1689 quin
730 1628 781 1689 per
795 1609 865 1670 mala
877 1628 1022 1690 praeceps

269 1693 385 1774 Fertur,
402 1699 440 1756 uti
453 1695 545 1773 pulvis
557 1695 694 1754 collectus
704 1695 823 1768 turbine,
835 1712 871 1752 ne
884 1694 952 1771 quid

269 1780 380 1864 Summa
392 1779 526 1857 deperdat
538 1789 680 1854 metuens,
696 1787 742 1836 aut
754 1777 868 1856 ampliet
882 1785 995 1838 utrem

269 1845 373 1922 Omnes
385 1863 413 1922 hi
424 1871 549 1921 metuunt
559 1880 675 1938 versus,
690 1861 776 1921 odere
788 1867 898 1938 poetas.

267 1945 522 2016 yboenumnabeu
514 1962 634 2004 rncomu
637 1944 738 2021 longe
746 1945 828 2021 fuge
840 1943 1025 2005 dummodo
1001 1965 1042 2005 rrs

203 2029 243 2090 35
266 2028 396 2088 Excutiat
409 2028 480 2103 sibi,
498 2044 554 2088 non
565 2029 612 2088 bic
627 2031 755 2106 cuiquam
766 2036 863 2105 parcet
876 2031 980 2107 amico,

264 2112 301 2172 Et
313 2111 500 2189 quodcunque
513 2111 602 2171 semel
615 2113 718 2172 chartis
729 2110 864 2188 illeverit,
879 2128 978 2173 omnes

265 2193 374 2256 Gestiet
389 2213 405 2254 a
416 2195 497 2255 fumo
508 2195 658 2256 redeuntes
671 2198 745 2256 scire
757 2195 876 2275 lacuque

263 2279 300 2340 Et
310 2295 414 2360 pueros
427 2287 456 2338 et
466 2297 544 2340 anus.
564 2278 733 2357 §Agedum
746 2296 836 2356 pauca
847 2281 949 2357 accipe
961 2289 1042 2341 contr

262 2363 381 2422 Primum
392 2380 447 2440 ego
459 2382 504 2422 me
514 2362 635 2440 illorum,
649 2364 774 2425 dederim
785 2364 887 2442 quibus
897 2382 965 2423 esse
977 2372 1042 2442 poet

200 2442 241 2508 40
260 2446 417 2524 Excerpam
427 2464 558 2508 numero:
569 2467 664 2526 neque
675 2449 748 2508 eninr
759 2445 930 2506 concludere
940 2463 1042 2508 versun

260 2532 372 2592 Dixeris
387 2548 451 2590 esse
467 2533 547 2601 satis;
566 2550 676 2611 noque,
692 2533 716 2589 si
729 2532 792 2608 quis
804 2531 924 2608 scribat,
937 2534 978 2593 uti
989 2551 1042 2592 nos

260 2614 388 2674 Sermoni
400 2617 647 2717 propiora,1putes
658 2616 731 2692 bunc
744 2632 810 2672 esse
822 2621 948 2691 poetam.

258 2696 403 2776 Ingenium
415 2700 460 2758 oui
477 2702 527 2776 sit,
542 2701 587 2760 cni
598 2718 677 2759 mens
688 2699 808 2758 divinior
818 2707 903 2776 atque
915 2714 950 2758 os

257 2781 358 2872 Magna
372 2792 546 2860 sonaturnm,
563 2784 613 2844 des
624 2783 743 2843 nominis
754 2782 837 2841 huius
852 2781 1003 2845 honorem

154 2914 156 2918 .
195 2862 235 2928 45
256 2856 366 2926 Idcirco
378 2866 504 2950 quidam,
522 2867 669 2927 comoedia
683 2883 774 2925 necne
786 2871 889 2964 poe'ma

185 3021 188 3026 Ι
254 2948 356 3026 Esset,
374 2952 557 3029 quaesivere,
570 2949 724 3049 quoducer
724 2950 851 3050 'spiritus
862 2965 897 3009 ac
908 2951 953 3010 vis

254 3032 317 3093 Nec
327 3033 422 3094 verbis
433 3051 488 3093 nec
499 3034 605 3095 rebus
596 3043 685 3110 inest,
703 3035 758 3093 nisr
750 3031 846 3110 quod
858 3033 932 3110 pede
948 3044 1028 3096 certo

252 3115 354 3177 Differt
365 3119 503 3193 sermoni,
517 3132 610 3176 sermo
622 3135 725 3176 merus.
747 3115 814 3186 §At
825 3124 907 3193 pater
917 3117 1020 3179 ardens

252 3201 363 3277 Saevit,
375 3199 451 3278 quod
461 3202 609 3260 meretrice
620 3217 711 3279 nepos
723 3203 835 3260 insanus
846 3202 937 3260 amica

189 3283 231 3345 50
250 3284 338 3344 Filius
350 3301 466 3344 uxorem
475 3283 574 3361 grandi
586 3302 649 3344 cum
661 3285 727 3345 dote
741 3291 866 3358 recuset,
1014 3337 1017 3347 ,

249 3366 352 3429 Ebrius
362 3375 392 3427 et
402 3398 415 3412 ·
425 3384 554 3446 magnum
568 3368 644 3448 quod
655 3369 780 3431 dedecus
790 3399 802 3411 ·
813 3365 939 3428 ambulet
952 3378 1016 3430 ante
