2266 3878
47 276 201 352 nnn]
421 274 531 337 unun
541 275 565 337 1.

214 426 292 487 Pone
303 425 356 486 sub
372 444 453 486 ourru
463 430 576 488 nimium
589 431 738 513 propinqui

214 509 290 589 Solis
300 510 329 570 in
342 518 417 570 terra
428 508 556 571 domibus
567 522 680 591 negata:

212 594 305 655 Dulce
315 591 452 653 ridentem
465 595 588 675 Lalagen
599 597 708 675 amabo,

205 710 208 715 ·
254 675 346 738 Dulce
357 676 530 755 loquentem.

360 946 661 1006 ODEfflE'
787 994 789 999 ,

309 1063 372 1114 ΑΙ)
422 1063 667 1121 cuuouN.

209 1182 288 1244 vitas
300 1183 432 1245 hinnuleo
445 1202 491 1244 me
502 1185 611 1262 similis,
629 1184 732 1264 Chloe,

211 1266 362 1342 Quaerenti
377 1268 504 1347 pavidam
514 1269 655 1330 montibus
665 1273 736 1331 aviis

251 1349 368 1412 Matrem
383 1369 440 1413 non
454 1354 515 1412 sine
526 1369 599 1412 vano

306 1433 442 1495 Aurarum
452 1445 480 1495 et
491 1436 579 1496 siluae
589 1445 675 1497 metu.

208 1565 279 1626 Nam
290 1587 341 1627 seu
353 1568 503 1628 mobilibus
514 1571 590 1628 veris
608 1570 743 1629 inhorruit
942 1574 961 1635 5

207 1648 353 1711 Adventus
364 1651 451 1728 loliis,
466 1671 518 1712 seu
531 1651 636 1712 virides
648 1653 746 1712 rubum

249 1735 403 1795 Dimovore
414 1736 548 1812 lacertae,

304 1818 341 1878 Et
354 1819 441 1879 eorde
453 1828 482 1879 et
492 1820 613 1898 genibus
624 1820 726 1879 tremit.

207 1952 292 2031 Atqui
303 1970 361 2013 non
372 1969 428 2031 ego
442 1961 471 2012 te
484 1955 565 2031 tigris
579 1962 609 2013 ut
623 1970 723 2031 aspera

80 2038 84 2043 '
207 2034 378 2096 Gaetulusve
389 2036 436 2096 leo
448 2037 579 2115 frangere
594 2052 766 2115 persequor:
923 2036 963 2099 10

247 2116 369 2180 Tandem
385 2120 483 2180 desine
495 2130 611 2181 matrem

304 2203 483 2281 Tempestiva
495 2207 576 2284 sequi
590 2206 663 2264 viro.

400 2365 560 2375 ----

367 2471 467 2526 omn
478 2475 607 2530 xxiv.

252 2585 299 2637 nn
313 2585 508 2640 nnmerum
526 2587 721 2641 murionum.
814 2554 827 2621 '²-

176 2706 247 2779 Quis
259 2706 402 2767 desiderio
418 2710 455 2767 sit
466 2709 559 2787 pudor
569 2716 616 2767 aut
630 2708 729 2768 modus

174 2789 242 2850 'lam
254 2793 310 2850 cari
326 2790 447 2870 eapitis?
465 2792 603 2870 Praecipe
614 2790 750 2869 lugubres

174 2871 290 2950 Cantus,
303 2872 493 2953 Melpomene,
507 2878 552 2947 eni
564 2874 698 2954 liquidnm
707 2881 787 2952 pater

223 2956 333 3016 Vocem
344 2976 407 3018 eum
420 2961 525 3021 eithara
538 2959 625 3018 dedit.

173 3091 252 3170 Ergo
265 3090 446 3165 Quinctilium
462 3101 618 3173 permetuus
630 3109 719 3171 sopor
943 3083 962 3146 5

170 3175 277 3254 Urget!
296 3174 349 3237 Gui
366 3176 457 3255 pudor
468 3187 497 3238 et
512 3180 633 3238 iustitiae
645 3193 738 3252 soror,

175 3257 341 3339 incorrupta
353 3261 435 3337 lide-s,
448 3262 579 3340 nudaque
592 3263 698 3321 veritas

228 3342 346 3418 Quando
358 3344 443 3404 ullum
456 3348 580 3406 inveniet
594 3336 709 3422 parem?
