2266 3878
77 278 138 345 cca
456 274 672 340 suurumuu
912 280 1017 358 [sarr

159 430 201 491 Te
213 432 315 491 coniux
326 430 415 490 alienu
426 430 519 506 cupit,
532 429 710 490 meretricula
720 430 844 490 Davum:
950 474 953 479 -

158 514 261 574 Peccat
272 523 333 573 uter
344 520 468 572 nostrum
480 529 566 572 cruce
577 512 688 590 dignius
694 511 712 573 l·
723 513 806 573 Acris
818 513 866 573 ubi
876 531 922 573 mo

158 597 262 658 Natura
272 596 400 673 intendit,
413 596 465 656 sub
477 595 551 656 clara
561 596 635 655 nuda
645 596 760 658 lucerua

159 680 352 759 Quaecunque
363 682 476 756 excepit
487 683 623 758 turgentis
635 682 754 740 verbera
765 679 873 742 caudae

97 769 138 832 50
159 764 295 826 clunibus
306 773 352 824 aut
363 766 479 842 agitavit
491 781 593 842 equum
606 763 713 826 lasciva
727 766 869 843 supinum,
896 779 900 782 ·

117 892 120 897 -
157 849 276 909 Dimittit
287 866 380 927 neque
391 848 529 907 famosum
539 866 634 925 noque
646 848 815 924 sollicitum,
828 858 865 908 ue

157 931 249 992 Ditior
260 941 307 991 aut
316 931 423 991 formae
434 930 558 990 melioris
571 933 655 990 meiat
667 932 778 991 eodem.
791 946 795 951 ·

158 1015 199 1076 Tu
211 1034 273 1076 cum
284 1016 422 1096 proiectis
433 1013 601 1092 insignibus,
613 1016 714 1075 annulo
727 1017 855 1093 equestri
900 1082 904 1089 ,

157 1099 342 1178 Romanoque
353 1098 459 1174 babitu,
475 1097 572 1175 prodis
585 1116 622 1160 ex
632 1099 725 1159 iudice
736 1099 825 1160 Dama
941 1140 944 1145 -

96 1187 135 1250 55
158 1183 270 1262 Tmpis,
284 1183 431 1243 odoratum
442 1191 525 1259 caput
538 1181 706 1242 obscurante
717 1184 845 1244 lacerna:

157 1267 221 1327 Nou
233 1285 265 1326 es
277 1266 355 1345 quod
366 1263 504 1325 simules?-
521 1265 649 1325 Metuens
662 1267 803 1326 induceris
817 1277 901 1346 atque
981 1306 984 1311 -

118 1417 121 1423 ,
156 1350 318 1411 Altercaute
332 1349 493 1409 libidinibus
505 1352 601 1409 tremis
611 1367 679 1409 ossa
695 1369 810 1429 pavore.

158 1432 233 1506 Quid
242 1434 348 1510 refert,
360 1435 414 1509 uri,
426 1435 515 1510 virgis
527 1433 660 1511 ferroque
676 1437 771 1494 necari

156 1515 325 1577 Auctoratus
340 1535 401 1594 eas,
418 1535 453 1576 an
465 1519 540 1594 turpi
552 1516 664 1578 clausus
676 1520 704 1579 in
715 1536 790 1596 arca,
871 1562 874 1567 -

95 1605 135 1666 60
158 1600 221 1675 Quo
233 1611 261 1661 te
272 1600 385 1661 demisit
397 1603 508 1678 peccati
520 1604 635 1661 conscia
648 1602 755 1678 herilis,

157 1683 337 1744 Contractum
350 1684 471 1762 genibus
483 1693 581 1761 tangas
593 1682 699 1763 caput?
714 1685 803 1747 Estne
813 1690 911 1749 marito

155 1767 299 1849 blatrpuae
310 1771 455 1846 peccantis
466 1771 495 1828 in
506 1768 588 1827 ambo
599 1772 672 1829 iusta
683 1779 821 1847 potestus,

155 1851 187 1912 ln
204 1860 399 1929 corruptorem
412 1852 460 1912 vel
472 1850 593 1911 iustior?
613 1852 664 1913 llla
675 1863 767 1914 tamen
779 1874 812 1915 se

154 1935 218 1996 Nou
231 1936 326 1995 babitu
337 1943 460 1994 mutatve
472 1935 554 2011 loco,
568 1947 707 2012 peccatve
720 1956 855 2016 superne.
960 1988 962 1993 ⁴

93 2023 132 2084 65
155 2017 226 2078 Gum
237 2027 267 2077 te
278 2018 410 2078 formidet
421 2018 520 2079 mulier
531 2038 624 2099 neque
636 2021 732 2081 credat
743 2024 855 2098 amanti,

152 2101 212 2161 Ibis
224 2101 276 2162 sub
288 2101 395 2162 iuream
407 2101 547 2181 prudeus,
564 2103 735 2182 dominoque
747 2106 851 2166 furenti

153 2183 318 2248 committes
336 2204 396 2244 rem
407 2203 518 2247 omnem
530 2195 558 2246 et
568 2190 653 2247 vitam
668 2199 696 2248 et
708 2206 770 2249 cum
782 2207 906 2269 corpore
922 2191 1018 2251 fanu.

45 2276 48 2285 “
151 2269 263 2330 Evasti:
275 2269 378 2346 credo,
392 2280 502 2331 metues
517 2271 675 2349 doctusque
687 2274 802 2333 cavebis
810 2295 818 2343 ;

153 2352 297 2429 Quaeres,
312 2355 423 2431 quaudo
435 2357 535 2415 iterum
550 2374 655 2434 paveas
667 2359 826 2435 iterumque
840 2361 942 2437 perire
1041 2384 1044 2395 ⁴

90 2441 132 2501 70
150 2437 265 2514 Possis,
278 2455 296 2497 o
307 2441 392 2497 toties
404 2438 517 2500 seruus!
540 2439 619 2512 Quae
631 2439 735 2518 bellua,
747 2445 838 2519 ruptis

151 2519 222 2581 Cum
236 2521 326 2581 semel
338 2523 452 2601 elingit,
469 2523 561 2584 reddit
572 2542 604 2582 se
616 2541 702 2602 prava
716 2524 845 2587 catenis?
950 2590 954 2595 ,

151 2605 239 2681 „Non
256 2624 318 2665 sum
338 2609 499 2667 moecbus“
519 2610 571 2668 ais.
600 2607 701 2686 Neque
722 2627 794 2687 ego,
818 2610 954 2688 hercule,
972 2608 1020 2685 tu,

575 2693 623 2753 ubi
634 2710 701 2751 vasa

150 2769 301 2832 Praetereo
317 2777 429 2852 sapiens
444 2785 588 2853 argentea.
616 2775 697 2835 Tolle
710 2776 859 2855 periclum,

149 2853 208 2914 lam
217 2872 289 2934 vaga
305 2858 434 2934 prosiliet
444 2859 531 2919 irenis
541 2869 639 2921 natura
650 2863 777 2920 remotis.

88 2943 127 3003 75
150 2936 228 2998 'lune
242 2941 308 2999 mibi
323 2941 468 3018 dominus,
485 2961 577 3003 rerum
589 2945 716 3021 imperiis
727 2944 928 3024 bominumque

149 3020 203 3083 'lot
216 3026 356 3102 tantisque
367 3028 471 3100 minor,
489 3043 573 3104 quem
583 3035 627 3087 ter
637 3028 760 3091 uindicta
771 3037 933 3107 quaterque

148 3104 284 3185 Imposita
295 3106 369 3168 baud
379 3126 501 3185 uuquam
511 3111 614 3170 misera
626 3111 775 3172 formidine
786 3110 899 3189 privet?

146 3189 228 3250 Adde
240 3209 341 3269 super,
355 3189 438 3250 dictis
454 3190 530 3267 quod
547 3209 604 3252 uon
614 3193 706 3254 levius
717 3195 824 3255 valeat:
837 3214 913 3272 uam,
965 3258 967 3269 ,

147 3274 215 3334 Sive
229 3277 352 3334 vicarius
367 3282 430 3351 cst,
447 3277 493 3352 qui
509 3293 594 3335 seruo
608 3288 689 3355 paret
700 3311 711 3324 ·
723 3282 762 3339 uti
773 3297 836 3339 mos

85 3360 127 3420 80
146 3356 249 3417 Vester
259 3359 318 3417 uit·
330 3375 382 3417 seu
393 3375 567 3429 conservum
578 3361 629 3423 tibi
641 3362 710 3440 quid
725 3381 787 3424 sum
796 3359 876 3440 egoi
897 3361 1007 3440 Nempe
