2266 3878
92 3404 155 3639 ,ι

166 3749 174 3770 Ι

187 3267 225 3328 55

557 268 758 331 GARdlthlll

173 413 176 423 ¹
256 462 257 468 κ
338 423 396 502 Tu,
410 425 550 484 oiritutem
562 425 625 501 quis
642 423 742 491 deceat
755 430 853 501 status,

322 505 436 585 ‘Cures
452 518 481 567 et
495 506 563 570 Urbi
578 505 717 566 sollicitus
730 509 823 583 times,
923 525 926 531 ·

386 591 460 666 Quid
472 591 558 652 Seres
571 599 600 650 et
609 601 726 668 regnatu
740 589 822 667 Cyro

308 758 310 763 Ι
417 675 525 736 *Baetra
540 683 639 753 parent
653 673 812 754 Tanaisque
824 673 945 736 discors.
987 731 990 736 .

334 808 458 870 Prudens
470 809 555 869 futuri
566 811 703 886 temporis
716 812 820 868 exitum
836 832 840 839 ’

337 891 500 971 Caliginosa
511 902 595 952 noete
609 895 711 970 premit
721 893 802 969 deust

385 977 543 1055 ludetque,
556 978 581 1035 si
596 976 721 1039 mortalis
733 977 804 1039 ultra

426 1059 481 1131 Fas
495 1060 633 1140 trepidae
661 1059 746 1134 Quod
757 1061 853 1138 adest,
867 1068 1009 1142 memento

335 1192 516 1271 componere
531 1212 656 1273 aequus3
668 1205 763 1254 uetere
775 1194 894 1255 lluminis

334 1278 401 1338 Ritu
416 1277 557 1355 feruntur,
570 1296 643 1338 nune
655 1278 749 1338 medio
761 1277 843 1342 alveo

388 1359 458 1422 Cum
471 1377 542 1439 paee
553 1361 709 1422 delabentis
722 1361 872 1422 Etruscum
940 1396 944 1402 ·

427 1443 460 1504 ln
470 1463 565 1523 maro,
581 1464 655 1505 nuno
669 1445 778 1523 lapides
790 1446 895 1506 adesos

336 1580 502 1658 stirpesque
517 1587 611 1656 ruptus
624 1587 653 1638 et
668 1596 758 1658 pecus
768 1588 801 1639 et
815 1579 915 1639 domos

233 1648 236 1670 '
333 1663 480 1723 Volrentis
492 1680 546 1721 una
556 1679 613 1722 non
625 1665 686 1722 sine
699 1665 832 1722 montium
913 1716 914 1721 ,

387 1745 518 1806 Clamore
527 1739 694 1823 vicinaeque
706 1745 804 1823 silvae,

361 1861 364 1872 ·
430 1827 501 1889 Cum
512 1828 573 1888 feru
584 1829 703 1888 diluvies
714 1832 827 1909 quietos
902 1885 904 1895 ,

335 1963 428 2024 Irritat
440 1980 546 2025 ornnes.
579 1960 631 2021 llle
643 1971 744 2040 potens
757 1965 800 2024 sui
901 1978 903 1982 ’
1001 2024 1002 2027 ,

335 2047 495 2124 Laetusque
507 2045 609 2122 deget,
623 2048 667 2106 oui
682 2047 751 2108 lioet
761 2051 789 2107 in
802 2047 880 2107 diem
967 2052 985 2084 ²

320 2180 323 2187 .
385 2130 500 2190 Dixisse
512 2129 613 2205 ‚'‚Vixi:
627 2148 688 2191 oras
700 2131 746 2190 vel
757 2139 815 2191 atru

432 2213 539 2297 „Nube
551 2212 647 2292 polum
659 2223 739 2292 pater
752 2223 904 2293 oeouputo,
918 2247 919 2250 κ

339 2347 416 2426 „Vel
427 2347 490 2406 sole
501 2362 587 2426 puro;
603 2365 659 2408 non
673 2356 765 2407 tamen
777 2349 893 2422 irritum,

337 2431 560 2510 „Quodcunque
577 2440 652 2491 retro
667 2440 725 2507 est,
740 2431 860 2507 efficiet,
872 2445 974 2509 neque·

387 2513 874 2593 „Dilfingetinleeturnquereddet,
923 2544 926 2552 ·

431 2596 538 2675 „Quod
555 2598 667 2676 fugiens
680 2598 769 2658 semel
783 2599 852 2658 hora
862 2597 949 2656 vexit.

339 2730 485 2808 „Fortuna
500 2725 588 2792 suevo'
600 2731 674 2791 laeta
690 2732 807 2808 negotio
820 2738 848 2788 et

339 2813 468 2891 „Ludum
480 2815 646 2875 insolentem
662 2814 761 2875 ludere
772 2815 901 2892 pertinax

388 2896 719 2975 „Transmutatineertos
731 2899 865 2973 honores,
887 2921 892 2932 ¹

428 2981 534 3059 „Nune
544 2982 611 3040 milri
623 3001 697 3042 nune
707 2981 754 3042 elii
765 2981 896 3058 benigna.

337 3098 456 3176 „Laudo
467 3106 640 3167 manentem:
657 3101 682 3159 si
695 3100 806 3160 celeres
823 3098 912 3176 quatit
974 3086 979 3094 ⁵

337 3181 488 3259 „l’ennas‚
500 3183 615 3258 resigno
632 3200 705 3260 quae
716 3183 802 3258 dedit,
817 3191 845 3241 et
858 3198 922 3240 mea

389 3263 522 3342 „Virtute
532 3282 577 3323 me
589 3264 702 3324 involvo
714 3267 888 3344 probamque

428 3344 616 3424 „Pauperiem
626 3351 688 3408 sino
699 3349 766 3410 dote
782 3364 898 3427 quaero.
950 3411 955 3419 ,
