2266 3878
269 376 279 389 ⁸
355 375 414 428 IN
448 374 814 429 Mannnlcum.

258 495 332 570 Quid
345 498 524 556 immerentes
535 496 665 574 hospites
676 514 775 573 vexas,
788 497 866 559 caude

305 579 427 658 Ignarus
442 577 713 657 adversumlupcs?
980 644 984 657 ¹

258 662 332 737 Quin
342 664 398 724 huc
409 665 524 739 inanes,
536 665 560 722 si
573 672 673 741 potes,
684 666 771 725 vertis
782 665 881 738 minas,

305 746 343 807 Et
356 766 402 808 me
421 764 610 808 remorsurum
623 744 717 824 petis?

256 829 343 907 Nam,
358 832 448 910 qualis
460 839 508 890 aut
518 828 664 890 Molossus
674 838 723 890 aut
733 829 826 890 fulvus
837 827 958 906 Lacon.
1027 829 1046 890 5

304 914 641 992 Amicavispastoribus,
870 978 873 985 ,

256 992 345 1076 dgam
356 1015 411 1077 per
423 996 493 1058 altus
507 1016 573 1058 aure
585 996 693 1058 sublata
704 998 795 1073 nives,

308 1080 502 1160 Quaecunque
514 1081 667 1159 praecedet
678 1081 753 1150 fera3

257 1163 314 1242 Tu,
333 1184 397 1226 cum
411 1165 533 1226 timenda
544 1183 618 1225 voce
629 1165 780 1243 complesti
792 1181 902 1241 nemus,

305 1248 464 1310 Proiectum
477 1247 604 1309 odoraris
616 1249 719 1309 cibum.
1026 1245 1067 1307 10

138 1328 139 1339 ’
258 1330 351 1410 Care,
367 1351 451 1395 cave:
481 1350 602 1411 namque
614 1334 642 1392 in
651 1331 742 1392 malos
754 1333 925 1409 asperrimus
1003 1402 1006 1407 Ι
1111 1401 1120 1415 „

221 1478 224 1483 ,
304 1415 485 1482 Paratatcldo
498 1434 613 1493 cornua,

259 1498 356 1575 Qualis
366 1500 524 1578 Lycambae
539 1509 651 1577 spretus
664 1498 749 1562 infido
760 1515 860 1578 gener,

306 1584 363 1646 Aut
373 1603 441 1646 acer
451 1585 541 1645 hostis
553 1582 674 1662 Bupalo.

93 1692 95 1697 ·
148 1728 151 1733 ,
256 1667 314 1747 An,
327 1671 351 1728 si
364 1670 428 1748 quis
440 1677 500 1728 atro
513 1666 596 1729 dente
606 1686 651 1727 me
662 1667 830 1745 petiverit·
1025 1661 1065 1723 15

183 1826 192 1849 ι
304 1751 413 1813 Inultus
424 1760 454 1812 ut
465 1752 540 1812 llebo
552 1749 642 1830 puer?

513 1912 659 1922 .....—-—

451 2068 457 2078 ·
483 2055 583 2111 olm
605 2054 690 2111 vll.

355 2163 402 2218 AD
420 2162 598 2216 POPULUM
615 2161 810 2217 ROMANUM.

167 2318 172 2329 -
234 2291 237 2294 ⁴
259 2272 335 2351 Quo,
351 2291 410 2353 que
425 2274 542 2334 scelesti
552 2271 652 2333 ruitis?
674 2281 721 2333 aut
732 2290 783 2332 cur
793 2271 917 2333 dexteris

304 2357 443 2436 Aptautur
453 2376 538 2418 enses
551 2354 675 2416 conditi?

254 2437 390 2502 Parumne
401 2443 508 2519 campis
523 2450 607 2519 atque
619 2439 751 2517 Neptuno
768 2458 855 2518 super

131 2544 135 2555 ·
264 2534 271 2541 ’
304 2523 411 2586 Fusum
426 2523 568 2584 estLatini
584 2525 739 2601 sanguinis,

254 2608 334 2685 Non,
351 2617 381 2668 ut
392 2608 530 2686 superbas
541 2606 652 2666 invidae
667 2606 843 2684 Carthaginis
1027 2607 1046 2669 d

274 2704 280 2713 ·
302 2692 446 2752 Romanus
458 2709 540 2751 arces
555 2699 660 2767 ureret,
1085 2703 1087 2707 ·

254 2773 378 2836 lutactus
390 2783 436 2835 aut
449 2774 596 2834 Britannus
606 2784 637 2834 ut
648 2773 835 2834 descenderet
898 2798 899 2803 ¹

304 2859 390 2919 Sacra
402 2867 546 2918 catenatus
559 2860 615 2933 ria,

255 2942 313 3003 Sed
324 2951 356 3003 ut
365 2942 519 3003 secundum
534 2950 600 3004 vcta
612 2941 775 3003 Parthomm
790 2959 840 3001 sua

304 3025 379 3087 Urbs
389 3026 461 3086 haec
473 3028 579 3104 periret
590 3023 726 3086 dextera?
1026 3023 1070 3085 10

253 3109 356 3189 Neque
365 3111 412 3169 hic
423 3108 498 3188 lupis
514 3127 575 3169 mos
589 3127 644 3169 nec
655 3109 706 3169 suit
716 3108 845 3169 leonibus

208 3192 211 3198 ’
288 3238 291 3242 A
303 3193 433 3272 Unquam
443 3195 497 3253 nisi
508 3195 536 3253 in
548 3193 643 3271 dispar
655 3193 732 3253 seris.
