2266 3878
139 276 203 341 ma
482 273 743 339 nrrsromaum
812 322 815 327 .
957 277 1084 354 [upana]

224 431 317 493 illutus
330 440 358 491 et
373 463 383 475 ·
399 429 557 507 indignum,
572 428 648 507 quod
659 431 696 487 sit
707 427 854 506 peioribus
864 436 967 495 ortus,-

224 516 276 576 llic
287 516 337 575 tibi
350 517 386 575 sit
397 516 490 593 potius
501 531 584 592 quam
595 522 624 573 tu
636 511 770 572 mirabilis
781 510 832 570 illi.

226 599 369 677 Quidquid
383 599 520 659 subterra
535 606 596 672 est,
617 599 645 656 in
656 599 781 674 apricum
793 593 920 672 proferet
929 605 1018 665 aetam
1097 638 1100 646 -

163 686 202 748 25
223 683 359 743 Deiodiet
370 681 528 761 condetque
539 683 663 741 nitentia.
678 742 680 747 ⁴
693 679 763 740 (lum
773 679 847 738 hene
858 688 955 739 notum

224 766 352 826 Porticus
364 766 510 845 Agrippae
521 774 550 825 et
561 767 606 825 via
617 773 645 824 te
661 765 843 841 conspexerit
855 763 943 842 Appi,

225 849 271 910 Ire
282 860 374 911 temen
387 859 489 926 restat,
509 849 598 908 Numa
611 865 667 927 quo
680 849 793 908 devenit
804 855 833 906 ot
846 845 953 908 Ancus.

224 935 255 994 Si
266 934 339 995 latus
353 942 400 995 aut
410 952 494 994 rencs
505 933 604 992 morbo
615 941 755 993 tentantur
765 940 860 1009 acuto,

155 1008 157 1017 ’
227 1017 339 1092 Quaere
354 1019 450 1096 fugam
460 1019 560 1078 morbi.
586 1015 637 1076 Vis
648 1026 726 1077 recte
737 1017 934 1094 vivore-quis
950 1014 1052 1079 noel-t

161 1101 204 1164 80
225 1103 255 1162 si
266 1104 355 1162 virtus
366 1102 422 1163 hoc
434 1121 488 1161 una
504 1109 599 1179 potest
610 1100 693 1177 dare,
713 1100 795 1160 fortis
807 1101 921 1160 omissis

224 1185 288 1245 lloc
299 1205 354 1264 age
365 1185 485 1245 deliciis.
519 1184 657 1244 Virtutem
670 1185 757 1244 verba
772 1193 853 1262 putas
865 1192 896 1243 ut

224 1269 329 1328 Lucum
342 1269 434 1346 ligna:
450 1270 519 1330 cav'c
533 1288 569 1328 ne
582 1278 680 1347 portus
692 1277 815 1346 occupet
828 1266 910 1345 alter,

151 1430 153 1435 Ι
224 1352 268 1411 Ne
280 1351 454 1429 Cibyratica,
472 1373 508 1413 ne
519 1354 637 1429 Bithyna
648 1355 762 1431 negotia
776 1351 893 1430 perdam

224 1434 303 1496 Mille
315 1437 418 1497 talenta
432 1439 628 1514 retundantur,
642 1436 760 1497 totidem
771 1435 872 1510 altera,
889 1446 1012 1513 porroet

163 1517 203 1581 85
225 1518 319 1581 Tertia
329 1521 496 1598 succedant,
514 1531 542 1582 ot
553 1540 625 1600 quac
638 1539 703 1600 pars
718 1519 834 1600 quadret
847 1537 986 1579 acervum.

226 1603 343 1664 Scilicet
353 1623 469 1666 uxorem
480 1624 543 1666 oum
559 1606 625 1665 doto
636 1605 776 1682 iidemque
789 1613 818 1662 et
830 1604 937 1663 amicos

224 1686 262 1749 Et
275 1706 366 1766 genus
379 1699 407 1749 et
417 1689 533 1749 lormum
543 1691 640 1767 regina
655 1688 775 1749 Pecunia
786 1687 881 1764 donat,

223 1771 267 1831 Ac
277 1773 349 1833 benc
359 1783 527 1832 nummatum
538 1773 654 1833 decorat
663 1771 784 1833 Suadela
798 1772 962 1850 Venusque.

224 1853 371 1934 lllanoipiia
383 1856 513 1935 locuples
525 1866 592 1934 eget
603 1859 676 1916 aeris
689 1855 890 1934 Cappadocum
900 1874 964 1915 rex:

163 1937 205 2002 40
223 1938 269 1998 Ne
280 1939 368 1998 fueris
380 1940 426 1999 hic
438 1949 477 1998 tu.
499 1938 667 2016 chlamydes
678 1940 826 2016 Lucullus,
839 1948 870 1998 ut
880 1940 966 2016 aiunt,

227 2021 257 2080 Si
271 2032 370 2098 posset
384 2032 495 2082 centnm
509 2041 613 2084 scenae
624 2025 762 2103 praebere
773 2032 901 2102 rogatus,
1000 2096 1003 2101 ¹

227 2104 307 2182 „Qui
327 2122 443 2185 possum
461 2104 548 2167 toti“
568 2110 618 2178 ait;
640 2117 756 2186 „tamen
771 2117 799 2168 et
819 2125 965 2187 quaeram,
988 2115 1014 2168 at
1029 2110 1082 2185 quot

792 2191 904 2252 habebo

225 2271 393 2349 „liittam;“
407 2284 472 2353 post
487 2275 571 2355 paulo
583 2278 696 2354 scribit,
710 2277 764 2337 sibi
777 2276 862 2336 millia
877 2277 999 2355 quinque

223 2354 298 2418 llsse
308 2357 382 2418 domi
393 2359 583 2437 chlamydum,
596 2371 702 2439 partem
712 2360 758 2421 rel
772 2359 886 2421 tolleret
902 2375 1007 2421 omnes.

163 2439 203 2504 45
225 2439 314 2502 Exilis
329 2443 428 2504 domus
439 2454 498 2521 est,
515 2445 563 2505 uhi
574 2462 630 2505 non
646 2455 674 2506 et
688 2444 772 2505 multa
782 2451 935 2522 supersunt

223 2523 261 2585 m
275 2526 414 2588 dominum
425 2529 524 2588 iallunt
533 2537 562 2588 et
573 2537 690 2607 prosunt
700 2529 819 2591 furibus.
837 2527 916 2605 Ergo

225 2609 256 2670 Si
270 2629 316 2670 ras
328 2610 389 2671 sola
401 2621 496 2690 potest
506 2611 602 2674 lacera
616 2622 646 2674 et
658 2632 772 2674 servare
783 2614 906 2688 beatum,

101 2742 104 2753 .
225 2691 288 2752 Hoc
300 2697 405 2772 primus
416 2705 530 2775 repetas
542 2714 632 2776 opus,
649 2700 705 2759 hoo
714 2706 876 2776 postremus
887 2696 1006 2756 omittas.

225 2775 255 2836 Si
269 2777 438 2840 fortunatum
450 2784 566 2859 species
578 2792 607 2843 et
616 2784 705 2862 gratia
717 2789 852 2860 praestat,

163 2861 205 2924 50
223 2858 382 2922 llercemur
392 2864 519 2943 servum,
533 2869 581 2946 qui
595 2868 681 2928 dictet
691 2867 818 2940 nomina,
832 2864 943 2924 laevum

227 2942 281 3018 Qui
293 2945 401 3006 fodicet
413 2946 486 3009 latus
499 2960 528 3011 et
539 2962 624 3031 cogat
633 2962 708 3013 trans
723 2950 849 3030 pondera
860 2947 985 3009 dextram

224 3027 384 3109 Porrigere.
406 3031 483 3108 „llio
494 3036 609 3097 multum
620 3039 647 3097 in
658 3036 744 3097 Fabia
754 3032 845 3108 valet,
857 3031 908 3091 illo
921 3031 1032 3098 velino

224 3111 302 3192 „Cui
313 3114 383 3174 libet
392 3115 440 3176 hio
449 3116 543 3181 fasces
554 3121 646 3197 dabit,
665 3122 824 3198 eripietque
836 3115 933 3176 curule

225 3195 304 3276 „Oui
314 3197 393 3261 volet
404 3202 578 3280 importunus
593 3206 697 3265 ebnr.“
717 3202 840 3277 Frater,
851 3207 946 3278 pater
955 3197 1037 3267 adde;

107 3286 134 3363 ,²
157 3282 202 3345 'dd
224 3280 262 3343 tu
273 3285 376 3364 cuique
387 3295 536 3368 estruem,
552 3291 590 3350 ita
602 3287 863 3369 quemquefacetns
875 3283 988 3363 adopta.

222 3365 254 3427 Si
264 3367 338 3431 ltcrrc
349 3371 397 3451 qni
409 3384 510 3435 coenat
518 3374 592 3435 bene
602 3375 685 3434 vivit:
702 3372 796 3448 lueet,
809 3387 905 3429 eamus

65 3440 191 3640 *x
242 3652 245 3657 ,
