2266 3878
38 288 74 340 ta.
88 284 122 360 a]

304 250 309 256 ’
365 284 484 344 -umua
504 282 555 344 uu.

158 435 292 495 Somnum
308 434 453 494 reducent.
477 436 597 494 Somnus
609 436 760 512 agrestium

157 515 242 578 Lenis
253 520 377 577 virorum
388 536 444 577 uon
457 518 576 577 humiles
587 518 687 577 domos

206 600 326 662 Fastidit
341 602 559 679 umbrosamque
570 604 669 679 ripam,
724 664 726 669 ,

263 683 328 745 Nou
341 686 472 763 zephyris
487 688 589 763 agitata
602 683 719 763 Tempe.

53 800 56 809 ¹
155 809 380 886 Desiderautem
394 811 470 890 quod
480 813 548 871 satis
564 820 617 888 est,
634 829 728 890 neque

90 925 98 935 ,
132 947 135 952 .
158 891 370 954 Tumultuosum
385 893 518 953 sollicitat
528 912 616 970 mare,

205 977 267 1037 Neo
281 997 383 1037 saevus
397 978 508 1037 Arcturi
521 978 647 1049 cadentis

181 1142 185 1148 ι
261 1060 573 1139 Impetusautorieutis
588 1062 690 1139 Haedi,

155 1182 220 1245 Nou
233 1185 399 1249 verberatae
416 1187 551 1265 grandine
563 1189 665 1248 vineae

154 1267 325 1350 Fundusque
336 1270 465 1347 mendax,
479 1271 580 1330 arbore
592 1289 665 1331 nune
678 1288 766 1349 aquas

220 1352 369 1433 Gulpaute,
386 1373 459 1414 uuna
471 1357 603 1415 torrentia
617 1371 703 1433 agros

114 1437 117 1442 ’
221 1435 224 1440 ’
261 1437 372 1513 Sidera,
388 1456 462 1497 uuna
472 1438 582 1496 hiemes
595 1440 716 1516 iniquas.

155 1559 306 1623 Contracta
319 1564 416 1639 pisces
432 1579 556 1640 aequora
571 1564 693 1620 sentiunt

154 1643 240 1706 lactis
254 1647 282 1705 in
294 1644 379 1705 altum
392 1644 529 1705 molibus:
553 1645 608 1704 hue
620 1643 755 1723 frequens

204 1727 357 1790 Gaementa
372 1728 491 1790 demittit
505 1728 649 1804 redemtor

259 1811 329 1873 Cum
343 1812 453 1872 famulis
465 1811 651 1891 dominusque
664 1821 757 1883 terrae

99 1957 101 1962 ’
155 1936 340 2002 Fastidiosus.
364 1939 421 1999 Sed
433 1937 528 1999 Timor
549 1948 577 1998 et
596 1937 690 1998 Minae

155 2021 418 2099 Soanduuteodem,
435 2022 491 2102 quo
508 2023 646 2101 dominus,
663 2041 756 2103 neque
866 2051 870 2055 ·

206 2105 328 2166 Deoedit
340 2115 433 2167 aerata
444 2109 549 2166 triremi
565 2116 592 2167 et

258 2189 325 2250 Post
338 2193 461 2271 equitem
471 2191 554 2250 sedet
570 2199 627 2251 atra
639 2189 723 2251 Cura.

155 2311 264 2388 Quodsi
276 2315 416 2376 dolentem
427 2334 482 2375 ueo
493 2314 631 2392 Phrygius
642 2315 715 2394 lapis

153 2396 215 2459 Neo
226 2417 409 2479 purpurarum
421 2399 514 2459 sidere
530 2399 632 2458 clarior

205 2482 321 2544 Deieuit
332 2501 411 2558 usus,
424 2500 478 2542 neo
489 2481 607 2541 Falerna

254 2566 327 2626 Vitis
338 2565 615 2644 Achaemeniumque
631 2573 754 2626 oostum:

153 2688 211 2751 Gur
221 2691 377 2752 invidendis
390 2691 519 2771 postibus
535 2698 563 2748 et
577 2704 666 2757 noro

153 2772 277 2834 Sublime
288 2777 342 2835 ritu
356 2774 455 2835 moliar
465 2770 584 2834 atrium?
649 2770 654 2781 ’

138 2904 141 2909 -
202 2854 258 2918 Cur
279 2858 351 2919 valle
367 2867 521 2939 permutem
537 2857 638 2918 Sabina

256 2942 375 3004 Divitias
388 2938 592 3022 operosiores‘i
