<?xml version="1.0" encoding="UTF-8"?>
<!DOCTYPE html PUBLIC "-//W3C//DTD XHTML 1.0 Transitional//EN"
    "http://www.w3.org/TR/xhtml1/DTD/xhtml1-transitional.dtd">
<html xmlns="http://www.w3.org/1999/xhtml" xml:lang="en" lang="en">
 <head>
  <title>
</title>
<meta http-equiv="Content-Type" content="text/html;charset=utf-8" />
  <meta name='ocr-system' content='tesseract 3.04.00' />
  <meta name='ocr-capabilities' content='ocr_page ocr_carea ocr_par ocr_line ocrx_word'/>
</head>
<body>
  <div class='ocr_page' id='page_1' title='image "./qhoratiiflaccio00schmgoog_0239.png"; bbox 0 0 2266 3878; ppageno 0'>
   <div class='ocr_carea' id='block_1_1' title="bbox 136 280 1085 372">
    <p class='ocr_par' dir='ltr' id='par_1_1' title="bbox 136 280 1085 372">
     <span class='ocr_line' id='line_1_1' title="bbox 136 280 1085 372; baseline 0.002 -30"><span class='ocrx_word' id='word_1_1' title='bbox 136 280 198 345; x_wconf 81' lang='lat' dir='ltr'><strong>aaa</strong></span> <span class='ocrx_word' id='word_1_2' title='bbox 342 368 344 372; x_wconf 13' lang='grc' dir='ltr'><strong><em>ι</em></strong></span> <span class='ocrx_word' id='word_1_3' title='bbox 483 281 742 345; x_wconf 82' lang='lat' dir='ltr'><strong>nrrsnonnaun</strong></span> <span class='ocrx_word' id='word_1_4' title='bbox 926 287 1025 364; x_wconf 69' lang='lat' dir='ltr'><strong>[repre.</strong></span> <span class='ocrx_word' id='word_1_5' title='bbox 1041 287 1085 364; x_wconf 73' lang='lat' dir='ltr'><strong>n]</strong></span> 
     </span>
    </p>
   </div>
   <div class='ocr_carea' id='block_1_2' title="bbox 56 433 1078 1683">
    <p class='ocr_par' dir='ltr' id='par_1_2' title="bbox 56 433 1078 1683">
     <span class='ocr_line' id='line_1_2' title="bbox 158 433 915 514; baseline -0.007 -13"><span class='ocrx_word' id='word_1_6' title='bbox 158 440 198 501; x_wconf 90' lang='grc'><strong>10</strong></span> <span class='ocrx_word' id='word_1_7' title='bbox 219 435 295 497; x_wconf 84' lang='lat' dir='ltr'><strong>Rure</strong></span> <span class='ocrx_word' id='word_1_8' title='bbox 308 451 364 514; x_wconf 80' lang='lat' dir='ltr'><strong>ego</strong></span> <span class='ocrx_word' id='word_1_9' title='bbox 375 436 532 510; x_wconf 85' lang='lat' dir='ltr'><strong>viventem,</strong></span> <span class='ocrx_word' id='word_1_10' title='bbox 548 442 578 492; x_wconf 91' lang='lat' dir='ltr'><strong>tu</strong></span> <span class='ocrx_word' id='word_1_11' title='bbox 590 433 660 493; x_wconf 91' lang='lat' dir='ltr'><strong>dicis</strong></span> <span class='ocrx_word' id='word_1_12' title='bbox 671 434 700 493; x_wconf 89' lang='lat' dir='ltr'><strong>in</strong></span> <span class='ocrx_word' id='word_1_13' title='bbox 710 434 779 494; x_wconf 88' lang='lat' dir='ltr'><strong>urbe</strong></span> <span class='ocrx_word' id='word_1_14' title='bbox 790 434 915 496; x_wconf 86' lang='lat' dir='ltr'><strong>beatum:</strong></span> 
     </span>
     <span class='ocr_line' id='line_1_3' title="bbox 221 516 967 597; baseline -0.003 -16"><span class='ocrx_word' id='word_1_15' title='bbox 221 516 274 581; x_wconf 79' lang='lat' dir='ltr'><strong>Cui</strong></span> <span class='ocrx_word' id='word_1_16' title='bbox 286 518 519 597; x_wconf 87' lang='lat' dir='ltr'><strong>placetalterius,</strong></span> <span class='ocrx_word' id='word_1_17' title='bbox 539 535 590 577; x_wconf 87' lang='lat' dir='ltr'><strong>sua</strong></span> <span class='ocrx_word' id='word_1_18' title='bbox 599 518 725 576; x_wconf 90' lang='lat' dir='ltr'><strong>nimirum</strong></span> <span class='ocrx_word' id='word_1_19' title='bbox 737 526 781 578; x_wconf 89' lang='lat' dir='ltr'><strong>cst</strong></span> <span class='ocrx_word' id='word_1_20' title='bbox 792 517 859 578; x_wconf 87' lang='lat' dir='ltr'><strong>odio</strong></span> <span class='ocrx_word' id='word_1_21' title='bbox 871 536 944 579; x_wconf 91' lang='lat' dir='ltr'><strong>sors.</strong></span> <span class='ocrx_word' id='word_1_22' title='bbox 964 541 967 543; x_wconf 55' lang='grc'>“</span> 
     </span>
     <span class='ocr_line' id='line_1_4' title="bbox 222 601 999 682; baseline 0 -19"><span class='ocrx_word' id='word_1_23' title='bbox 222 601 328 663; x_wconf 77' lang='lat' dir='ltr'>Stultus</span> <span class='ocrx_word' id='word_1_24' title='bbox 340 612 458 682; x_wconf 89' lang='lat' dir='ltr'><strong>uterque</strong></span> <span class='ocrx_word' id='word_1_25' title='bbox 469 601 563 661; x_wconf 88' lang='lat' dir='ltr'><strong>locum</strong></span> <span class='ocrx_word' id='word_1_26' title='bbox 574 602 737 674; x_wconf 88' lang='lat' dir='ltr'><strong>immeritum</strong></span> <span class='ocrx_word' id='word_1_27' title='bbox 749 611 878 661; x_wconf 77' lang='lat' dir='ltr'>causatur</span> <span class='ocrx_word' id='word_1_28' title='bbox 888 605 999 682; x_wconf 88' lang='lat' dir='ltr'><strong>inique:</strong></span> 
     </span>
     <span class='ocr_line' id='line_1_5' title="bbox 124 685 963 766; baseline 0 -20"><span class='ocrx_word' id='word_1_29' title='bbox 124 695 129 701; x_wconf 81' lang='lat'><em>&#39;</em></span> <span class='ocrx_word' id='word_1_30' title='bbox 220 685 253 746; x_wconf 91' lang='lat' dir='ltr'><strong>Iu</strong></span> <span class='ocrx_word' id='word_1_31' title='bbox 266 686 348 766; x_wconf 88' lang='lat' dir='ltr'><strong>culpa</strong></span> <span class='ocrx_word' id='word_1_32' title='bbox 359 696 403 747; x_wconf 85' lang='lat' dir='ltr'><strong>cst</strong></span> <span class='ocrx_word' id='word_1_33' title='bbox 413 687 539 762; x_wconf 88' lang='lat' dir='ltr'><strong>animus,</strong></span> <span class='ocrx_word' id='word_1_34' title='bbox 556 686 603 763; x_wconf 86' lang='lat' dir='ltr'><strong>qui</strong></span> <span class='ocrx_word' id='word_1_35' title='bbox 614 703 648 744; x_wconf 87' lang='lat' dir='ltr'><strong>se</strong></span> <span class='ocrx_word' id='word_1_36' title='bbox 658 700 714 744; x_wconf 91' lang='lat' dir='ltr'><strong>non</strong></span> <span class='ocrx_word' id='word_1_37' title='bbox 725 685 963 765; x_wconf 81' lang='lat' dir='ltr'><strong>cffugitunquam.</strong></span> 
     </span>
     <span class='ocr_line' id='line_1_6' title="bbox 221 767 864 851; baseline -0.002 -22"><span class='ocrx_word' id='word_1_38' title='bbox 221 767 263 829; x_wconf 83' lang='lat' dir='ltr'><strong>l&#39;u</strong></span> <span class='ocrx_word' id='word_1_39' title='bbox 275 769 456 851; x_wconf 70' lang='lat' dir='ltr'><strong>mediastinus</strong></span> <span class='ocrx_word' id='word_1_40' title='bbox 467 771 551 830; x_wconf 88' lang='lat' dir='ltr'><strong>tacita</strong></span> <span class='ocrx_word' id='word_1_41' title='bbox 563 785 650 846; x_wconf 89' lang='lat' dir='ltr'><strong>proce</strong></span> <span class='ocrx_word' id='word_1_42' title='bbox 661 786 724 827; x_wconf 91' lang='lat' dir='ltr'><strong>rura</strong></span> <span class='ocrx_word' id='word_1_43' title='bbox 735 768 864 846; x_wconf 87' lang='lat' dir='ltr'><strong>petebas,</strong></span> 
     </span>
     <span class='ocr_line' id='line_1_7' title="bbox 159 851 955 930; baseline 0.001 -16"><span class='ocrx_word' id='word_1_44' title='bbox 159 855 198 916; x_wconf 81' lang='lat'><strong>15</strong></span> <span class='ocrx_word' id='word_1_45' title='bbox 219 851 301 914; x_wconf 88' lang='lat' dir='ltr'><strong>Nunc</strong></span> <span class='ocrx_word' id='word_1_46' title='bbox 315 853 412 914; x_wconf 88' lang='lat' dir='ltr'><strong>urbem</strong></span> <span class='ocrx_word' id='word_1_47' title='bbox 423 861 452 912; x_wconf 90' lang='lat' dir='ltr'><strong>et</strong></span> <span class='ocrx_word' id='word_1_48' title='bbox 462 851 544 912; x_wconf 92' lang='lat' dir='ltr'><strong>ludos</strong></span> <span class='ocrx_word' id='word_1_49' title='bbox 557 860 586 912; x_wconf 88' lang='lat' dir='ltr'><strong>et</strong></span> <span class='ocrx_word' id='word_1_50' title='bbox 595 851 694 912; x_wconf 86' lang='lat' dir='ltr'><strong>balnea</strong></span> <span class='ocrx_word' id='word_1_51' title='bbox 704 851 814 912; x_wconf 81' lang='lat' dir='ltr'><strong>villicus</strong></span> <span class='ocrx_word' id='word_1_52' title='bbox 827 861 923 930; x_wconf 64' lang='lat' dir='ltr'><strong>optem</strong></span> <span class='ocrx_word' id='word_1_53' title='bbox 952 880 955 885; x_wconf 90' lang='lat'>·</span> 
     </span>
     <span class='ocr_line' id='line_1_8' title="bbox 221 934 883 1013; baseline -0.003 -16"><span class='ocrx_word' id='word_1_54' title='bbox 221 935 268 997; x_wconf 83' lang='lat' dir='ltr'><strong>lle</strong></span> <span class='ocrx_word' id='word_1_55' title='bbox 280 945 410 997; x_wconf 80' lang='lat' dir='ltr'><strong>constare</strong></span> <span class='ocrx_word' id='word_1_56' title='bbox 420 937 486 996; x_wconf 88' lang='lat' dir='ltr'><strong>mibi</strong></span> <span class='ocrx_word' id='word_1_57' title='bbox 499 938 555 994; x_wconf 92' lang='lat' dir='ltr'><strong>scis</strong></span> <span class='ocrx_word' id='word_1_58' title='bbox 567 944 596 995; x_wconf 89' lang='lat' dir='ltr'><strong>et</strong></span> <span class='ocrx_word' id='word_1_59' title='bbox 606 934 754 995; x_wconf 82' lang='lat' dir='ltr'><strong>discedere</strong></span> <span class='ocrx_word' id='word_1_60' title='bbox 765 937 883 1013; x_wconf 83' lang='lat' dir='ltr'><strong>tristem,</strong></span> 
     </span>
     <span class='ocr_line' id='line_1_9' title="bbox 223 1019 933 1097; baseline -0.004 -16"><span class='ocrx_word' id='word_1_61' title='bbox 223 1019 454 1097; x_wconf 81' lang='lat' dir='ltr'><strong>Quandocumque</strong></span> <span class='ocrx_word' id='word_1_62' title='bbox 463 1019 572 1079; x_wconf 86' lang='lat' dir='ltr'><strong>trahunt</strong></span> <span class='ocrx_word' id='word_1_63' title='bbox 582 1020 671 1078; x_wconf 88' lang='lat' dir='ltr'><strong>invisa</strong></span> <span class='ocrx_word' id='word_1_64' title='bbox 681 1021 795 1096; x_wconf 83' lang='lat' dir='ltr'><strong>negotia</strong></span> <span class='ocrx_word' id='word_1_65' title='bbox 805 1019 933 1078; x_wconf 81' lang='lat' dir='ltr'><strong>Romam.</strong></span> 
     </span>
     <span class='ocr_line' id='line_1_10' title="bbox 221 1101 1078 1184; baseline -0.004 -20"><span class='ocrx_word' id='word_1_66' title='bbox 221 1103 285 1164; x_wconf 87' lang='lat' dir='ltr'><strong>Non</strong></span> <span class='ocrx_word' id='word_1_67' title='bbox 299 1102 397 1164; x_wconf 90' lang='lat' dir='ltr'><strong>cadem</strong></span> <span class='ocrx_word' id='word_1_68' title='bbox 407 1104 550 1171; x_wconf 88' lang='lat' dir='ltr'><strong>miramur;</strong></span> <span class='ocrx_word' id='word_1_69' title='bbox 566 1119 602 1161; x_wconf 90' lang='lat' dir='ltr'><strong>co</strong></span> <span class='ocrx_word' id='word_1_70' title='bbox 613 1101 790 1162; x_wconf 75' lang='lat' dir='ltr'><strong>disconvenit</strong></span> <span class='ocrx_word' id='word_1_71' title='bbox 800 1104 872 1162; x_wconf 88' lang='lat' dir='ltr'><strong>inter</strong></span> <span class='ocrx_word' id='word_1_72' title='bbox 1072 1172 1078 1184; x_wconf 39' lang='grc'><strong>,</strong></span> 
     </span>
     <span class='ocr_line' id='line_1_11' title="bbox 223 1185 1034 1267; baseline 0 -20"><span class='ocrx_word' id='word_1_73' title='bbox 223 1186 326 1266; x_wconf 83' lang='lat' dir='ltr'><strong>lleque</strong></span> <span class='ocrx_word' id='word_1_74' title='bbox 338 1195 367 1246; x_wconf 93' lang='lat' dir='ltr'><strong>et</strong></span> <span class='ocrx_word' id='word_1_75' title='bbox 380 1195 423 1245; x_wconf 91' lang='lat' dir='ltr'><strong>te:</strong></span> <span class='ocrx_word' id='word_1_76' title='bbox 439 1203 518 1262; x_wconf 91' lang='lat' dir='ltr'><strong>narn,</strong></span> <span class='ocrx_word' id='word_1_77' title='bbox 541 1203 614 1264; x_wconf 88' lang='lat' dir='ltr'><strong>quae</strong></span> <span class='ocrx_word' id='word_1_78' title='bbox 625 1185 737 1245; x_wconf 85' lang='lat' dir='ltr'><strong>deserta</strong></span> <span class='ocrx_word' id='word_1_79' title='bbox 749 1194 778 1244; x_wconf 86' lang='lat' dir='ltr'><strong>et</strong></span> <span class='ocrx_word' id='word_1_80' title='bbox 787 1187 928 1263; x_wconf 84' lang='lat' dir='ltr'><strong>inhospita</strong></span> <span class='ocrx_word' id='word_1_81' title='bbox 938 1195 1034 1267; x_wconf 89' lang='lat' dir='ltr'><strong>tesqua</strong></span> 
     </span>
     <span class='ocr_line' id='line_1_12' title="bbox 56 1269 1042 1348; baseline -0.005 -15"><span class='ocrx_word' id='word_1_82' title='bbox 56 1305 62 1320; x_wconf 56' lang='grc' dir='ltr'>ι</span> <span class='ocrx_word' id='word_1_83' title='bbox 160 1273 201 1334; x_wconf 84' lang='lat'><strong>20</strong></span> <span class='ocrx_word' id='word_1_84' title='bbox 222 1269 337 1348; x_wconf 80' lang='lat' dir='ltr'><strong>Credis,</strong></span> <span class='ocrx_word' id='word_1_85' title='bbox 355 1286 470 1329; x_wconf 90' lang='lat' dir='ltr'><strong>amoena</strong></span> <span class='ocrx_word' id='word_1_86' title='bbox 481 1278 565 1329; x_wconf 88' lang='lat' dir='ltr'><strong>vocat</strong></span> <span class='ocrx_word' id='word_1_87' title='bbox 576 1286 684 1329; x_wconf 90' lang='lat' dir='ltr'><strong>mecum</strong></span> <span class='ocrx_word' id='word_1_88' title='bbox 698 1271 745 1348; x_wconf 87' lang='lat' dir='ltr'><strong>qui</strong></span> <span class='ocrx_word' id='word_1_89' title='bbox 757 1271 855 1346; x_wconf 80' lang='lat' dir='ltr'><strong>sentit,</strong></span> <span class='ocrx_word' id='word_1_90' title='bbox 878 1278 906 1330; x_wconf 89' lang='lat' dir='ltr'><strong>et</strong></span> <span class='ocrx_word' id='word_1_91' title='bbox 918 1269 976 1330; x_wconf 94' lang='lat' dir='ltr'><strong>odit</strong></span> <span class='ocrx_word' id='word_1_92' title='bbox 1024 1327 1042 1337; x_wconf 80' lang='grc'><strong>,,</strong></span> 
     </span>
     <span class='ocr_line' id='line_1_13' title="bbox 223 1351 1030 1433; baseline 0.002 -21"><span class='ocrx_word' id='word_1_93' title='bbox 223 1353 303 1426; x_wconf 79' lang='lat' dir='ltr'><strong>Quae</strong></span> <span class='ocrx_word' id='word_1_94' title='bbox 314 1361 343 1414; x_wconf 93' lang='lat' dir='ltr'><strong>tu</strong></span> <span class='ocrx_word' id='word_1_95' title='bbox 358 1351 474 1431; x_wconf 87' lang='lat' dir='ltr'><strong>pulchra</strong></span> <span class='ocrx_word' id='word_1_96' title='bbox 489 1360 579 1430; x_wconf 86' lang='lat' dir='ltr'><strong>putas.</strong></span> <span class='ocrx_word' id='word_1_97' title='bbox 601 1351 705 1414; x_wconf 83' lang='lat' dir='ltr'><strong>Fornix</strong></span> <span class='ocrx_word' id='word_1_98' title='bbox 715 1353 765 1413; x_wconf 92' lang='lat' dir='ltr'><strong>tibi</strong></span> <span class='ocrx_word' id='word_1_99' title='bbox 775 1362 805 1413; x_wconf 90' lang='lat' dir='ltr'><strong>et</strong></span> <span class='ocrx_word' id='word_1_100' title='bbox 816 1361 899 1414; x_wconf 91' lang='lat' dir='ltr'><strong>uncta</strong></span> <span class='ocrx_word' id='word_1_101' title='bbox 910 1356 1013 1433; x_wconf 89' lang='lat' dir='ltr'><strong>popina</strong></span> <span class='ocrx_word' id='word_1_102' title='bbox 1029 1374 1030 1378; x_wconf 46' lang='lat'>¹</span> 
     </span>
     <span class='ocr_line' id='line_1_14' title="bbox 222 1434 898 1516; baseline -0.001 -19"><span class='ocrx_word' id='word_1_103' title='bbox 222 1437 361 1497; x_wconf 87' lang='lat' dir='ltr'><strong>lucutiunt</strong></span> <span class='ocrx_word' id='word_1_104' title='bbox 371 1437 447 1496; x_wconf 91' lang='lat' dir='ltr'><strong>urbis</strong></span> <span class='ocrx_word' id='word_1_105' title='bbox 462 1436 647 1514; x_wconf 87' lang='lat' dir='ltr'><strong>desiderium,</strong></span> <span class='ocrx_word' id='word_1_106' title='bbox 662 1437 746 1496; x_wconf 85' lang='lat' dir='ltr'><strong>rideo</strong></span> <span class='ocrx_word' id='word_1_107' title='bbox 756 1434 772 1513; x_wconf 80' lang='lat'><strong>,¹</strong></span> <span class='ocrx_word' id='word_1_108' title='bbox 782 1446 811 1497; x_wconf 89' lang='lat' dir='ltr'><strong>et</strong></span> <span class='ocrx_word' id='word_1_109' title='bbox 822 1435 898 1516; x_wconf 91' lang='lat' dir='ltr'><strong>quod</strong></span> 
     </span>
     <span class='ocr_line' id='line_1_15' title="bbox 223 1519 875 1600; baseline -0.002 -19"><span class='ocrx_word' id='word_1_110' title='bbox 223 1520 350 1600; x_wconf 78' lang='lat' dir='ltr'><strong>lingulus</strong></span> <span class='ocrx_word' id='word_1_111' title='bbox 361 1522 416 1579; x_wconf 88' lang='lat' dir='ltr'><strong>iste</strong></span> <span class='ocrx_word' id='word_1_112' title='bbox 427 1519 499 1580; x_wconf 85' lang='lat' dir='ltr'><strong>feret</strong></span> <span class='ocrx_word' id='word_1_113' title='bbox 512 1523 595 1599; x_wconf 88' lang='lat' dir='ltr'><strong>piper</strong></span> <span class='ocrx_word' id='word_1_114' title='bbox 606 1529 634 1580; x_wconf 92' lang='lat' dir='ltr'><strong>ct</strong></span> <span class='ocrx_word' id='word_1_115' title='bbox 644 1521 706 1580; x_wconf 90' lang='lat' dir='ltr'><strong>thus</strong></span> <span class='ocrx_word' id='word_1_116' title='bbox 719 1523 799 1580; x_wconf 91' lang='lat' dir='ltr'><strong>ocius</strong></span> <span class='ocrx_word' id='word_1_117' title='bbox 811 1539 875 1596; x_wconf 84' lang='lat' dir='ltr'><strong>uva,</strong></span> 
     </span>
     <span class='ocr_line' id='line_1_16' title="bbox 222 1604 959 1683; baseline 0 -19"><span class='ocrx_word' id='word_1_118' title='bbox 222 1604 284 1665; x_wconf 89' lang='lat' dir='ltr'><strong>Nec</strong></span> <span class='ocrx_word' id='word_1_119' title='bbox 297 1606 390 1664; x_wconf 88' lang='lat' dir='ltr'><strong>vicina</strong></span> <span class='ocrx_word' id='word_1_120' title='bbox 402 1604 499 1663; x_wconf 91' lang='lat' dir='ltr'><strong>subest</strong></span> <span class='ocrx_word' id='word_1_121' title='bbox 507 1608 601 1664; x_wconf 80' lang='lat' dir='ltr'><strong>vinum</strong></span> <span class='ocrx_word' id='word_1_122' title='bbox 613 1605 750 1683; x_wconf 89' lang='lat' dir='ltr'><strong>praebere</strong></span> <span class='ocrx_word' id='word_1_123' title='bbox 764 1605 878 1664; x_wconf 86' lang='lat' dir='ltr'><strong>taberna</strong></span> <span class='ocrx_word' id='word_1_124' title='bbox 952 1624 959 1638; x_wconf 92' lang='lat'><strong>·</strong></span> 
     </span>
    </p>
   </div>
   <div class='ocr_carea' id='block_1_3' title="bbox 47 1688 933 1766">
    <p class='ocr_par' dir='ltr' id='par_1_3' title="bbox 47 1688 933 1766">
     <span class='ocr_line' id='line_1_17' title="bbox 47 1688 933 1766; baseline -0.005 -16"><span class='ocrx_word' id='word_1_125' title='bbox 47 1700 51 1712; x_wconf 90' lang='grc'><strong>“</strong></span> <span class='ocrx_word' id='word_1_126' title='bbox 160 1691 199 1752; x_wconf 77' lang='lat'><strong>25</strong></span> <span class='ocrx_word' id='word_1_127' title='bbox 223 1689 303 1763; x_wconf 79' lang='lat' dir='ltr'><strong>Quae</strong></span> <span class='ocrx_word' id='word_1_128' title='bbox 315 1691 406 1766; x_wconf 87' lang='lat' dir='ltr'><strong>possit</strong></span> <span class='ocrx_word' id='word_1_129' title='bbox 417 1688 481 1763; x_wconf 89' lang='lat' dir='ltr'><strong>tibi,</strong></span> <span class='ocrx_word' id='word_1_130' title='bbox 500 1706 554 1748; x_wconf 91' lang='lat' dir='ltr'><strong>nec</strong></span> <span class='ocrx_word' id='word_1_131' title='bbox 568 1690 699 1749; x_wconf 80' lang='lat' dir='ltr'><strong>meretrix</strong></span> <span class='ocrx_word' id='word_1_132' title='bbox 708 1688 837 1765; x_wconf 86' lang='lat' dir='ltr'><strong>tibicina,</strong></span> <span class='ocrx_word' id='word_1_133' title='bbox 853 1689 933 1748; x_wconf 90' lang='lat' dir='ltr'><strong>cuius</strong></span> 
     </span>
    </p>
   </div>
   <div class='ocr_carea' id='block_1_4' title="bbox 221 1771 1062 2100">
    <p class='ocr_par' dir='ltr' id='par_1_4' title="bbox 221 1771 1062 2100">
     <span class='ocr_line' id='line_1_18' title="bbox 221 1771 1062 1851; baseline -0.008 -19"><span class='ocrx_word' id='word_1_134' title='bbox 221 1773 266 1833; x_wconf 79' lang='lat' dir='ltr'><strong>Ad</strong></span> <span class='ocrx_word' id='word_1_135' title='bbox 280 1774 426 1850; x_wconf 87' lang='lat' dir='ltr'><strong>strepitum</strong></span> <span class='ocrx_word' id='word_1_136' title='bbox 442 1771 525 1833; x_wconf 87' lang='lat' dir='ltr'><strong>salias</strong></span> <span class='ocrx_word' id='word_1_137' title='bbox 536 1781 628 1831; x_wconf 87' lang='lat' dir='ltr'><strong>terrae</strong></span> <span class='ocrx_word' id='word_1_138' title='bbox 638 1773 746 1850; x_wconf 78' lang='lat' dir='ltr'><strong>gravis:</strong></span> <span class='ocrx_word' id='word_1_139' title='bbox 765 1781 794 1832; x_wconf 86' lang='lat' dir='ltr'><strong>et</strong></span> <span class='ocrx_word' id='word_1_140' title='bbox 804 1781 896 1832; x_wconf 89' lang='lat' dir='ltr'><strong>tamcn</strong></span> <span class='ocrx_word' id='word_1_141' title='bbox 911 1789 997 1851; x_wconf 81' lang='lat' dir='ltr'><strong>urges</strong></span> <span class='ocrx_word' id='word_1_142' title='bbox 1061 1821 1062 1825; x_wconf 75' lang='grc'>,</span> 
     </span>
     <span class='ocr_line' id='line_1_19' title="bbox 222 1855 962 1934; baseline -0.003 -18"><span class='ocrx_word' id='word_1_143' title='bbox 222 1855 388 1934; x_wconf 88' lang='lat' dir='ltr'><strong>Iampridem</strong></span> <span class='ocrx_word' id='word_1_144' title='bbox 401 1872 457 1915; x_wconf 92' lang='lat' dir='ltr'><strong>non</strong></span> <span class='ocrx_word' id='word_1_145' title='bbox 467 1864 540 1915; x_wconf 89' lang='lat' dir='ltr'><strong>tacta</strong></span> <span class='ocrx_word' id='word_1_146' title='bbox 551 1855 691 1933; x_wconf 81' lang='lat' dir='ltr'><strong>ligonibus</strong></span> <span class='ocrx_word' id='word_1_147' title='bbox 704 1873 785 1931; x_wconf 86' lang='lat' dir='ltr'><strong>arva,</strong></span> <span class='ocrx_word' id='word_1_148' title='bbox 802 1855 962 1934; x_wconf 82' lang='lat' dir='ltr'><strong>bovemque</strong></span> 
     </span>
     <span class='ocr_line' id='line_1_20' title="bbox 222 1937 1047 2016; baseline -0.002 -17"><span class='ocrx_word' id='word_1_149' title='bbox 222 1939 399 2000; x_wconf 88' lang='lat' dir='ltr'><strong>Disiunctum</strong></span> <span class='ocrx_word' id='word_1_150' title='bbox 411 1957 492 1998; x_wconf 91' lang='lat' dir='ltr'><strong>curas</strong></span> <span class='ocrx_word' id='word_1_151' title='bbox 507 1947 536 1997; x_wconf 90' lang='lat' dir='ltr'><strong>et</strong></span> <span class='ocrx_word' id='word_1_152' title='bbox 549 1941 652 1998; x_wconf 88' lang='lat' dir='ltr'><strong>strictis</strong></span> <span class='ocrx_word' id='word_1_153' title='bbox 664 1938 809 1999; x_wconf 83' lang='lat' dir='ltr'><strong>frondibus</strong></span> <span class='ocrx_word' id='word_1_154' title='bbox 822 1937 937 2016; x_wconf 84' lang='lat' dir='ltr'><strong>exples;</strong></span> <span class='ocrx_word' id='word_1_155' title='bbox 1044 1949 1047 1953; x_wconf 84' lang='lat'>&#39;</span> 
     </span>
     <span class='ocr_line' id='line_1_21' title="bbox 223 2021 856 2100; baseline 0.003 -19"><span class='ocrx_word' id='word_1_156' title='bbox 223 2022 308 2082; x_wconf 82' lang='lat' dir='ltr'><strong>Addit</strong></span> <span class='ocrx_word' id='word_1_157' title='bbox 318 2040 390 2100; x_wconf 92' lang='lat' dir='ltr'><strong>opus</strong></span> <span class='ocrx_word' id='word_1_158' title='bbox 403 2024 484 2099; x_wconf 82' lang='lat' dir='ltr'><strong>pigro</strong></span> <span class='ocrx_word' id='word_1_159' title='bbox 496 2023 589 2099; x_wconf 81' lang='lat' dir='ltr'><strong>rivus,</strong></span> <span class='ocrx_word' id='word_1_160' title='bbox 608 2024 632 2080; x_wconf 89' lang='lat' dir='ltr'><strong>si</strong></span> <span class='ocrx_word' id='word_1_161' title='bbox 645 2021 747 2083; x_wconf 89' lang='lat' dir='ltr'><strong>decidit</strong></span> <span class='ocrx_word' id='word_1_162' title='bbox 757 2023 856 2098; x_wconf 80' lang='lat' dir='ltr'><strong>imber,</strong></span> 
     </span>
    </p>
   </div>
   <div class='ocr_carea' id='block_1_5' title="bbox 47 2103 890 2186">
    <p class='ocr_par' dir='ltr' id='par_1_5' title="bbox 47 2103 890 2186">
     <span class='ocr_line' id='line_1_22' title="bbox 47 2103 890 2186; baseline -0.001 -20"><span class='ocrx_word' id='word_1_163' title='bbox 47 2178 51 2186; x_wconf 31' lang='grc' dir='ltr'>Ι</span> <span class='ocrx_word' id='word_1_164' title='bbox 161 2107 202 2170; x_wconf 88' lang='grc'><strong>30</strong></span> <span class='ocrx_word' id='word_1_165' title='bbox 223 2104 310 2166; x_wconf 89' lang='lat' dir='ltr'><strong>llulta</strong></span> <span class='ocrx_word' id='word_1_166' title='bbox 322 2105 396 2165; x_wconf 93' lang='lat' dir='ltr'><strong>mole</strong></span> <span class='ocrx_word' id='word_1_167' title='bbox 408 2103 551 2165; x_wconf 91' lang='lat' dir='ltr'><strong>docendus</strong></span> <span class='ocrx_word' id='word_1_168' title='bbox 563 2109 659 2183; x_wconf 90' lang='lat' dir='ltr'><strong>aprico</strong></span> <span class='ocrx_word' id='word_1_169' title='bbox 672 2123 789 2185; x_wconf 82' lang='lat' dir='ltr'><strong>parcere</strong></span> <span class='ocrx_word' id='word_1_170' title='bbox 800 2115 890 2184; x_wconf 89' lang='lat' dir='ltr'><strong>prato.</strong></span> 
     </span>
    </p>
   </div>
   <div class='ocr_carea' id='block_1_6' title="bbox 161 2189 1075 3358">
    <p class='ocr_par' dir='ltr' id='par_1_6' title="bbox 161 2189 1075 3358">
     <span class='ocr_line' id='line_1_23' title="bbox 224 2189 1003 2268; baseline 0.003 -19"><span class='ocrx_word' id='word_1_171' title='bbox 224 2189 304 2249; x_wconf 89' lang='lat' dir='ltr'><strong>Nunc</strong></span> <span class='ocrx_word' id='word_1_172' title='bbox 316 2207 385 2267; x_wconf 82' lang='lat' dir='ltr'><strong>age,</strong></span> <span class='ocrx_word' id='word_1_173' title='bbox 402 2189 469 2268; x_wconf 90' lang='lat' dir='ltr'><strong>quid</strong></span> <span class='ocrx_word' id='word_1_174' title='bbox 480 2197 605 2248; x_wconf 89' lang='lat' dir='ltr'><strong>nostrum</strong></span> <span class='ocrx_word' id='word_1_175' title='bbox 616 2199 781 2250; x_wconf 89' lang='lat' dir='ltr'><strong>concentum</strong></span> <span class='ocrx_word' id='word_1_176' title='bbox 793 2190 913 2267; x_wconf 75' lang='lat' dir='ltr'><strong>diuidat,</strong></span> <span class='ocrx_word' id='word_1_177' title='bbox 929 2190 1003 2251; x_wconf 86' lang='lat' dir='ltr'><strong>audi.</strong></span> 
     </span>
     <span class='ocr_line' id='line_1_24' title="bbox 212 2272 922 2352; baseline -0.003 -18"><span class='ocrx_word' id='word_1_178' title='bbox 212 2273 315 2349; x_wconf 76' lang='lat' dir='ltr'><strong>‘Quem</strong></span> <span class='ocrx_word' id='word_1_179' title='bbox 328 2282 428 2333; x_wconf 86' lang='lat' dir='ltr'><strong>tenues</strong></span> <span class='ocrx_word' id='word_1_180' title='bbox 442 2272 563 2333; x_wconf 90' lang='lat' dir='ltr'><strong>decuere</strong></span> <span class='ocrx_word' id='word_1_181' title='bbox 574 2282 659 2352; x_wconf 80' lang='lat' dir='ltr'><strong>togae</strong></span> <span class='ocrx_word' id='word_1_182' title='bbox 671 2273 805 2351; x_wconf 92' lang='lat' dir='ltr'><strong>nitidique</strong></span> <span class='ocrx_word' id='word_1_183' title='bbox 817 2273 922 2351; x_wconf 86' lang='lat' dir='ltr'><strong>capilli,</strong></span> 
     </span>
     <span class='ocr_line' id='line_1_25' title="bbox 225 2354 942 2436; baseline -0.001 -19"><span class='ocrx_word' id='word_1_184' title='bbox 225 2356 315 2432; x_wconf 86' lang='lat' dir='ltr'><strong>Quem</strong></span> <span class='ocrx_word' id='word_1_185' title='bbox 326 2359 382 2417; x_wconf 89' lang='lat' dir='ltr'><strong>scis</strong></span> <span class='ocrx_word' id='word_1_186' title='bbox 397 2359 543 2417; x_wconf 90' lang='lat' dir='ltr'><strong>immunem</strong></span> <span class='ocrx_word' id='word_1_187' title='bbox 556 2354 673 2417; x_wconf 79' lang='lat' dir='ltr'><strong>Cinarae</strong></span> <span class='ocrx_word' id='word_1_188' title='bbox 685 2358 825 2436; x_wconf 89' lang='lat' dir='ltr'><strong>placuisse</strong></span> <span class='ocrx_word' id='word_1_189' title='bbox 836 2360 942 2436; x_wconf 86' lang='lat' dir='ltr'><strong>rapaci,</strong></span> 
     </span>
     <span class='ocr_line' id='line_1_26' title="bbox 225 2440 1054 2521; baseline 0.001 -22"><span class='ocrx_word' id='word_1_190' title='bbox 225 2441 316 2515; x_wconf 84' lang='lat' dir='ltr'><strong>Quem</strong></span> <span class='ocrx_word' id='word_1_191' title='bbox 325 2441 448 2500; x_wconf 89' lang='lat' dir='ltr'><strong>bibulum</strong></span> <span class='ocrx_word' id='word_1_192' title='bbox 461 2441 559 2521; x_wconf 86' lang='lat' dir='ltr'><strong>liquidi</strong></span> <span class='ocrx_word' id='word_1_193' title='bbox 572 2441 663 2501; x_wconf 85' lang='lat' dir='ltr'><strong>media</strong></span> <span class='ocrx_word' id='word_1_194' title='bbox 674 2441 709 2500; x_wconf 90' lang='lat' dir='ltr'><strong>de</strong></span> <span class='ocrx_word' id='word_1_195' title='bbox 719 2440 784 2501; x_wconf 91' lang='lat' dir='ltr'><strong>luce</strong></span> <span class='ocrx_word' id='word_1_196' title='bbox 794 2440 916 2517; x_wconf 86' lang='lat' dir='ltr'><strong>Falerni,</strong></span> <span class='ocrx_word' id='word_1_197' title='bbox 1050 2505 1054 2512; x_wconf 58' lang='grc'><strong>,</strong></span> 
     </span>
     <span class='ocr_line' id='line_1_27' title="bbox 161 2523 1038 2605; baseline 0.006 -19"><span class='ocrx_word' id='word_1_198' title='bbox 161 2525 204 2586; x_wconf 79' lang='grc'><strong>35</strong></span> <span class='ocrx_word' id='word_1_199' title='bbox 226 2523 323 2584; x_wconf 84' lang='lat' dir='ltr'><strong>Coena</strong></span> <span class='ocrx_word' id='word_1_200' title='bbox 336 2524 431 2585; x_wconf 88' lang='lat' dir='ltr'><strong>brevis</strong></span> <span class='ocrx_word' id='word_1_201' title='bbox 442 2527 517 2585; x_wconf 83' lang='lat' dir='ltr'><strong>iuvat</strong></span> <span class='ocrx_word' id='word_1_202' title='bbox 528 2534 559 2585; x_wconf 87' lang='lat' dir='ltr'><strong>et</strong></span> <span class='ocrx_word' id='word_1_203' title='bbox 572 2541 664 2603; x_wconf 88' lang='lat' dir='ltr'><strong>prope</strong></span> <span class='ocrx_word' id='word_1_204' title='bbox 676 2526 764 2584; x_wconf 85' lang='lat' dir='ltr'><strong>rivum</strong></span> <span class='ocrx_word' id='word_1_205' title='bbox 775 2541 890 2585; x_wconf 87' lang='lat' dir='ltr'><strong>somnus</strong></span> <span class='ocrx_word' id='word_1_206' title='bbox 901 2528 930 2586; x_wconf 92' lang='lat' dir='ltr'><strong>in</strong></span> <span class='ocrx_word' id='word_1_207' title='bbox 943 2529 1038 2605; x_wconf 87' lang='lat' dir='ltr'><strong>herba,</strong></span> 
     </span>
     <span class='ocr_line' id='line_1_28' title="bbox 224 2606 905 2687; baseline 0.001 -20"><span class='ocrx_word' id='word_1_208' title='bbox 224 2607 287 2667; x_wconf 85' lang='lat' dir='ltr'><strong>Nec</strong></span> <span class='ocrx_word' id='word_1_209' title='bbox 297 2606 399 2667; x_wconf 90' lang='lat' dir='ltr'><strong>lusisse</strong></span> <span class='ocrx_word' id='word_1_210' title='bbox 411 2608 514 2687; x_wconf 91' lang='lat' dir='ltr'><strong>pudet,</strong></span> <span class='ocrx_word' id='word_1_211' title='bbox 532 2609 584 2668; x_wconf 92' lang='lat' dir='ltr'><strong>sed</strong></span> <span class='ocrx_word' id='word_1_212' title='bbox 594 2626 651 2669; x_wconf 93' lang='lat' dir='ltr'><strong>non</strong></span> <span class='ocrx_word' id='word_1_213' title='bbox 661 2607 784 2668; x_wconf 90' lang='lat' dir='ltr'><strong>incidere</strong></span> <span class='ocrx_word' id='word_1_214' title='bbox 801 2606 905 2668; x_wconf 92' lang='lat' dir='ltr'><strong>ludum.</strong></span> 
     </span>
     <span class='ocr_line' id='line_1_29' title="bbox 224 2690 975 2772; baseline 0.007 -22"><span class='ocrx_word' id='word_1_215' title='bbox 224 2690 288 2750; x_wconf 92' lang='lat' dir='ltr'><strong>Non</strong></span> <span class='ocrx_word' id='word_1_216' title='bbox 298 2691 362 2749; x_wconf 89' lang='lat' dir='ltr'><strong>istic</strong></span> <span class='ocrx_word' id='word_1_217' title='bbox 374 2691 489 2772; x_wconf 87' lang='lat' dir='ltr'><strong>obliquo</strong></span> <span class='ocrx_word' id='word_1_218' title='bbox 502 2691 586 2763; x_wconf 90' lang='lat' dir='ltr'><strong>oculo</strong></span> <span class='ocrx_word' id='word_1_219' title='bbox 598 2711 660 2753; x_wconf 89' lang='lat' dir='ltr'><strong>mea</strong></span> <span class='ocrx_word' id='word_1_220' title='bbox 672 2691 816 2752; x_wconf 86' lang='lat' dir='ltr'><strong>commoda</strong></span> <span class='ocrx_word' id='word_1_221' title='bbox 827 2693 975 2772; x_wconf 87' lang='lat' dir='ltr'><strong>quisquam</strong></span> 
     </span>
     <span class='ocr_line' id='line_1_30' title="bbox 224 2773 933 2854; baseline 0.001 -23"><span class='ocrx_word' id='word_1_222' title='bbox 224 2773 325 2850; x_wconf 83' lang='lat' dir='ltr'><strong>limat,</strong></span> <span class='ocrx_word' id='word_1_223' title='bbox 341 2792 397 2835; x_wconf 92' lang='lat' dir='ltr'><strong>non</strong></span> <span class='ocrx_word' id='word_1_224' title='bbox 409 2775 475 2836; x_wconf 92' lang='lat' dir='ltr'><strong>odio</strong></span> <span class='ocrx_word' id='word_1_225' title='bbox 490 2777 612 2837; x_wconf 90' lang='lat' dir='ltr'><strong>obscuro</strong></span> <span class='ocrx_word' id='word_1_226' title='bbox 623 2794 775 2854; x_wconf 88' lang='lat' dir='ltr'><strong>morsuque</strong></span> <span class='ocrx_word' id='word_1_227' title='bbox 785 2785 933 2846; x_wconf 83' lang='lat' dir='ltr'><strong>venenat;.</strong></span> 
     </span>
     <span class='ocr_line' id='line_1_31' title="bbox 224 2855 828 2938; baseline -0.002 -20"><span class='ocrx_word' id='word_1_228' title='bbox 224 2855 420 2919; x_wconf 84' lang='lat' dir='ltr'><strong>Rident.vicini</strong></span> <span class='ocrx_word' id='word_1_229' title='bbox 434 2859 533 2938; x_wconf 73' lang='lat' dir='ltr'><strong>glebas</strong></span> <span class='ocrx_word' id='word_1_230' title='bbox 545 2870 574 2921; x_wconf 94' lang='lat' dir='ltr'><strong>et</strong></span> <span class='ocrx_word' id='word_1_231' title='bbox 584 2879 651 2937; x_wconf 84' lang='lat' dir='ltr'><strong>saxa</strong></span> <span class='ocrx_word' id='word_1_232' title='bbox 660 2868 828 2920; x_wconf 88' lang='lat' dir='ltr'><strong>moventem.</strong></span> 
     </span>
     <span class='ocr_line' id='line_1_32' title="bbox 161 2939 827 3017; baseline -0.003 -14"><span class='ocrx_word' id='word_1_233' title='bbox 161 2940 203 3005; x_wconf 82' lang='lat'><strong>40</strong></span> <span class='ocrx_word' id='word_1_234' title='bbox 225 2939 295 3002; x_wconf 87' lang='lat' dir='ltr'><strong>Cum</strong></span> <span class='ocrx_word' id='word_1_235' title='bbox 305 2943 395 3001; x_wconf 88' lang='lat' dir='ltr'><strong>servis</strong></span> <span class='ocrx_word' id='word_1_236' title='bbox 406 2942 509 3004; x_wconf 90' lang='lat' dir='ltr'><strong>urbana</strong></span> <span class='ocrx_word' id='word_1_237' title='bbox 520 2943 606 3004; x_wconf 89' lang='lat' dir='ltr'><strong>diaria</strong></span> <span class='ocrx_word' id='word_1_238' title='bbox 616 2944 717 3004; x_wconf 90' lang='lat' dir='ltr'><strong>rodere</strong></span> <span class='ocrx_word' id='word_1_239' title='bbox 729 2944 827 3017; x_wconf 87' lang='lat' dir='ltr'><strong>mavis,</strong></span> 
     </span>
     <span class='ocr_line' id='line_1_33' title="bbox 224 3025 965 3095; baseline 0 -10"><span class='ocrx_word' id='word_1_240' title='bbox 224 3025 330 3085; x_wconf 90' lang='lat' dir='ltr'><strong>Horum</strong></span> <span class='ocrx_word' id='word_1_241' title='bbox 340 3025 408 3084; x_wconf 85' lang='lat' dir='ltr'><strong>tuin</strong></span> <span class='ocrx_word' id='word_1_242' title='bbox 418 3045 561 3087; x_wconf 88' lang='lat' dir='ltr'><strong>numerum</strong></span> <span class='ocrx_word' id='word_1_243' title='bbox 575 3037 642 3087; x_wconf 81' lang='lat' dir='ltr'><strong>voto</strong></span> <span class='ocrx_word' id='word_1_244' title='bbox 654 3030 727 3095; x_wconf 90' lang='lat' dir='ltr'><strong>ruis;</strong></span> <span class='ocrx_word' id='word_1_245' title='bbox 742 3026 847 3087; x_wconf 88' lang='lat' dir='ltr'><strong>invidet</strong></span> <span class='ocrx_word' id='word_1_246' title='bbox 857 3044 937 3085; x_wconf 88' lang='lat' dir='ltr'><strong>usum</strong></span> <span class='ocrx_word' id='word_1_247' title='bbox 962 3085 965 3090; x_wconf 84' lang='grc'><em>,</em></span> 
     </span>
     <span class='ocr_line' id='line_1_34' title="bbox 216 3109 933 3190; baseline 0 -21"><span class='ocrx_word' id='word_1_248' title='bbox 216 3110 375 3187; x_wconf 79' lang='lat' dir='ltr'><strong>&#39;Lignorum</strong></span> <span class='ocrx_word' id='word_1_249' title='bbox 386 3116 415 3167; x_wconf 90' lang='lat' dir='ltr'><strong>et</strong></span> <span class='ocrx_word' id='word_1_250' title='bbox 426 3112 538 3188; x_wconf 88' lang='lat' dir='ltr'><strong>pecoris</strong></span> <span class='ocrx_word' id='word_1_251' title='bbox 549 3111 599 3171; x_wconf 90' lang='lat' dir='ltr'><strong>tibi</strong></span> <span class='ocrx_word' id='word_1_252' title='bbox 611 3109 673 3171; x_wconf 90' lang='lat' dir='ltr'><strong>calo</strong></span> <span class='ocrx_word' id='word_1_253' title='bbox 685 3120 799 3190; x_wconf 80' lang='lat' dir='ltr'><strong>argutus</strong></span> <span class='ocrx_word' id='word_1_254' title='bbox 811 3118 840 3170; x_wconf 91' lang='lat' dir='ltr'><strong>et</strong></span> <span class='ocrx_word' id='word_1_255' title='bbox 849 3110 933 3170; x_wconf 88' lang='lat' dir='ltr'><strong>borti.</strong></span> 
     </span>
     <span class='ocr_line' id='line_1_35' title="bbox 226 3192 978 3273; baseline -0.001 -20"><span class='ocrx_word' id='word_1_256' title='bbox 226 3192 310 3271; x_wconf 87' lang='lat' dir='ltr'><strong>Optat</strong></span> <span class='ocrx_word' id='word_1_257' title='bbox 324 3193 458 3273; x_wconf 80' lang='lat' dir='ltr'><strong>ephippia</strong></span> <span class='ocrx_word' id='word_1_258' title='bbox 468 3194 538 3272; x_wconf 88' lang='lat' dir='ltr'><strong>bos,</strong></span> <span class='ocrx_word' id='word_1_259' title='bbox 559 3195 641 3273; x_wconf 77' lang='lat' dir='ltr'><strong>piger</strong></span> <span class='ocrx_word' id='word_1_260' title='bbox 656 3203 734 3272; x_wconf 80' lang='lat' dir='ltr'><strong>optat</strong></span> <span class='ocrx_word' id='word_1_261' title='bbox 745 3212 824 3254; x_wconf 89' lang='lat' dir='ltr'><strong>arare</strong></span> <span class='ocrx_word' id='word_1_262' title='bbox 835 3192 978 3263; x_wconf 88' lang='lat' dir='ltr'><strong>cabellus;</strong></span> 
     </span>
     <span class='ocr_line' id='line_1_36' title="bbox 228 3276 1075 3358; baseline -0.001 -20"><span class='ocrx_word' id='word_1_263' title='bbox 228 3276 316 3352; x_wconf 82' lang='lat' dir='ltr'><strong>Quam</strong></span> <span class='ocrx_word' id='word_1_264' title='bbox 327 3279 381 3338; x_wconf 93' lang='lat' dir='ltr'><strong>scit</strong></span> <span class='ocrx_word' id='word_1_265' title='bbox 394 3287 529 3358; x_wconf 87' lang='lat' dir='ltr'><strong>uterque,</strong></span> <span class='ocrx_word' id='word_1_266' title='bbox 548 3277 655 3356; x_wconf 88' lang='lat' dir='ltr'><strong>libens,</strong></span> <span class='ocrx_word' id='word_1_267' title='bbox 675 3278 817 3355; x_wconf 89' lang='lat' dir='ltr'><strong>censebo,</strong></span> <span class='ocrx_word' id='word_1_268' title='bbox 838 3286 971 3339; x_wconf 85' lang='lat' dir='ltr'><strong>exerceat</strong></span> <span class='ocrx_word' id='word_1_269' title='bbox 981 3288 1075 3345; x_wconf 83' lang='lat' dir='ltr'><strong>artem</strong></span> 
     </span>
    </p>
   </div>
   <div class='ocr_carea' id='block_1_7' title="bbox 545 3441 687 3450">
    <p class='ocr_par' dir='ltr' id='par_1_7' title="bbox 545 3441 687 3450">
     <span class='ocr_line' id='line_1_37' title="bbox 545 3441 687 3450; baseline 0 0"><span class='ocrx_word' id='word_1_270' title='bbox 545 3441 687 3450; x_wconf 60' lang='grc' dir='ltr'><strong>ω-οι--α-</strong></span> 
     </span>
    </p>
   </div>
   <div class='ocr_carea' id='block_1_8' title="bbox 0 0 1143 3878">
    <p class='ocr_par' dir='ltr' id='par_1_8' title="bbox 0 0 1143 3878">
     <span class='ocr_line' id='line_1_38' title="bbox 0 0 1143 3878; baseline 0 0"><span class='ocrx_word' id='word_1_271' title='bbox 0 0 1143 3878; x_wconf 95' lang='lat' dir='ltr'><strong> </strong></span> 
     </span>
    </p>
   </div>
  </div>
 </body>
</html>
