2266 3878
599 278 800 345 dfflfflfflffl
882 282 886 288 “
983 287 1050 366 wa

592 423 692 497 oron
719 428 797 488 xx.

509 538 868 596 norrnnnuu

352 701 417 763 Non
426 699 506 760 vidos
518 708 620 780 quanto
632 716 748 760 moveas
758 699 879 778 periclo,

352 784 469 863 Pyrrhe,
489 781 625 844 Gaetulae
638 782 747 844 catulos
760 781 899 854 leaenae?
947 836 951 852 ,
1013 789 1022 881 Ἰ

349 869 427 930 Dura
442 877 508 946 post
519 867 603 946 paulo
614 867 709 945 fugies
719 866 838 927 inaudax

300 988 310 1002 κ
400 951 512 1012 Proelia
523 959 630 1031 raptor

200 1092 253 1152 o
351 1087 424 1152 llum
440 1103 492 1167 per
502 1084 666 1145 obstantes
658 1103 789 1145 iuvenum
804 1093 931 1146 catervas

238 1186 242 1195 ·
349 1171 426 1232 lbit
418 1170 557 1247 assignem
567 1179 702 1246 repetens
715 1157 888 1229 Nearchum:

351 1253 462 1316 Grande
478 1261 629 1330 certamen,
641 1253 692 1312 titt
706 1252 810 1330 praeda
826 1253 909 1315 cedat

399 1336 490 1401 Maior
503 1356 538 1397 an
556 1335 607 1396 illi.

346 1471 471 1550 interim,
484 1472 551 1532 dum
563 1481 593 1532 tn
612 1470 723 1530 celeres
738 1471 855 1550 sagittas

110 1591 114 1599 ·
199 1560 239 1622 10
343 1555 461 1633 Promis,
478 1557 549 1616 haec
569 1555 668 1616 dentes
677 1557 753 1615 acurt
769 1554 921 1634 timendos,

345 1639 460 1701 Arbiter
474 1658 585 1719 pugnae
596 1640 728 1718 posursse
740 1639 858 1699 nudo
1015 1640 1018 1648 '

397 1724 455 1784 Sub
468 1724 541 1802 pede
553 1724 672 1802 palmam

346 1854 456 1933 Fertur,
470 1865 500 1916 et
513 1856 569 1916 lcnr
580 1875 710 1917 recreare
725 1865 810 1918 vento
890 1877 893 1881 ·
933 1901 936 1908 -

344 1939 479 2019 Sparsum
495 1940 619 2000 odoratis
630 1941 774 2001 humerum
792 1932 928 2021 capillis,

195 2025 234 2087 15
341 2022 439 2098 Qualis
451 2032 498 2084 aut
508 2023 611 2084 Nireus
622 2025 675 2085 init
685 2034 732 2086 aut
746 2041 854 2104 aquosa

390 2107 501 2186 llaptus
511 2109 546 2170 ab
557 2106 615 2170 Ida.
718 2156 722 2167 ,

616 2322 763 2335 -ι-ι-ιι

575 2463 784 2521 (ΙΙΙΕΧΧΙ.
873 2467 881 2495 ‘

457 2599 520 2654 AD
552 2601 886 2662 AMPHORAM.

265 2805 267 2811 ,
341 2738 444 2801 Onata
449 2759 560 2802 mecum
567 2743 691 2823 consule
704 2742 822 2824 Manlio,

339 2821 396 2882 Seu
412 2832 441 2883 tu
457 2826 625 2924 querelas
600 2846 663 2889 srre
673 2832 751 2908 geris
762 2832 844 2892 iocos

387 2907 478 2967 Seu
455 2927 543 2969 ruam
559 2913 606 2971 et
597 2930 711 2975 insanos
725 2933 837 2977 amores

443 2990 500 3052 Seu
516 2993 640 3073 facilem,
654 3000 701 3074 pia
711 3008 794 3077 testa,
807 3016 945 3081 somnum,

333 3121 510 3202 Quocunque
524 3125 628 3188 loetum
643 3135 754 3192 nomine
764 3131 916 3196 Massicum

336 3206 451 3282 Sernes,
466 3213 573 3270 moveri
585 3211 754 3291 dignatione
767 3215 824 3293 die,

383 3288 547 3370 Descende,
567 3261 824 3360 Corvinoiubente

440 3373 573 3438 Promerc
584 3379 757 3459 languidiora
772 3385 846 3446 vina.
