2266 3878
120 335 124 340 ,
154 214 216 361 nse
534 199 750 322 sermonum
996 263 1092 342 [sun

236 457 258 490 ‚‚
267 413 432 495 ‚‚Iuppiter‚
447 415 576 491 ingentes
589 414 636 490 qui
648 411 697 472 das
708 412 865 491 adimisque
880 412 1037 492 dolores,“‘

236 496 350 574 „Mater
360 500 397 557 ait
408 499 489 574 pueri
499 515 612 556 menses
623 498 676 556 iam
689 498 812 575 quinque
825 497 964 575 cubantis,

153 582 215 644 290
236 581 402 661 ,‚‚‚Frigida
413 582 437 640 si
449 595 566 658 puerum
577 589 709 659 quartana
718 578 879 658 reliquerit,
896 578 946 640 illo

235 710 256 742 „
264 665 370 742 „Mane
382 665 445 741 dic,
458 681 516 742 quo
528 673 557 723 tn
569 663 669 723 indicis
680 665 798 741 ieiunia,
811 663 901 724 nudus

234 748 555 826 „„1n'l'iberistabit.“
577 745 667 807 Casus
679 746 842 808 medicusve
853 746 955 808 levarit

184 868 186 875 ·
233 833 379 911 „Aegrum
392 851 429 893 ex
439 833 603 910 praecipiti:
619 840 708 891 mater
719 830 806 892 delira
816 832 931 891 necabit

232 915 287 992 „ln
299 915 395 995 gelida
413 916 497 975 iixum
507 917 568 993 ripa
578 915 738 992 febrimque
748 913 874 975 reducet.

150 1001 209 1061 295
232 999 359 1076 „Quone
370 998 444 1059 maio
454 1007 577 1058 mentem
587 995 748 1058 concussa?
760 997 873 1058 Timore
885 998 1032 1059 deorum.“

229 1083 308 1144 Haec
318 1084 385 1144 mibi
397 1083 562 1158 Stertinius,
579 1083 736 1161 sapientum
748 1091 881 1159 octavus,
893 1085 986 1143 amice

229 1166 313 1227 Arma
325 1167 419 1243 dedit,
433 1166 552 1244 posthac
565 1184 602 1226 ne
616 1165 803 1243 compellerer
815 1165 929 1227 inuitus.

228 1250 339 1310 Dixerit
349 1253 473 1311 insanum
486 1250 533 1327 qui
545 1268 605 1325 me,
618 1249 735 1309 totidem
745 1249 840 1309 audiet
854 1258 940 1327 atque
1056 1272 1059 1283 ¹

229 1333 389 1411 Respicere
401 1335 499 1412 ignoto
511 1332 601 1392 discet
611 1333 761 1412 pendentia
772 1343 864 1412 tergo,

58 1483 61 1489 ,
146 1419 209 1482 300
228 1416 336 1480 Horat.
349 1417 463 1493 Stoice,
480 1426 546 1495 post
557 1417 684 1484 damnrnn
695 1419 737 1477 sic
747 1417 853 1477 vendes
866 1419 959 1479 omnia
970 1417 1057 1498 pluris,

159 1550 166 1559 .
230 1500 292 1574 Qua
304 1520 349 1583 me
361 1501 477 1563 stultitia
492 1534 503 1546 ·
517 1504 648 1579 qnoniam
658 1495 714 1561 iren
729 1510 775 1561 est
784 1520 875 1579 genus
886 1521 994 1563 unum·

228 1584 353 1646 insanire
364 1583 466 1664 putnsi
483 1603 539 1664 ego
551 1605 614 1646 nam
624 1584 724 1645 videor
738 1586 804 1646 mihi
820 1604 916 1646 sanus.

227 1668 317 1730 Dant.
334 1670 418 1746 Quid,
434 1678 517 1747 caput
528 1670 684 1729 abscissum
695 1669 821 1729 menibus
833 1687 897 1729 cum
909 1668 1089 1748 portatbgare

228 1751 308 1814 Gnati
320 1754 459 1830 infelicis,
474 1754 528 1813 sibi
540 1762 597 1813 tum
608 1753 715 1813 furiosa
728 1750 858 1813 videtur?

142 1838 204 1900 305
226 1836 334 1899 Horat.
347 1837 465 1898 Stultum
478 1855 524 1897 me
535 1837 627 1897 iateor
639 1869 649 1882 ·
661 1836 747 1897 liceat
758 1837 920 1897 concedere
930 1833 1023 1899 verid-
1074 1862 1077 1877 v

224 1920 318 1999 Atque
332 1923 415 1981 edam
425 1923 550 1981 insanum
558 1929 679 1989 ;·tantum
691 1921 747 1983 boc
759 1920 899 1999 edissere,
912 1939 971 2000 quo
980 1941 1024 1983 me

224 2003 382 2081 Aegrotare
392 2012 475 2081 putes
487 2005 569 2062 animi
575 2006 655 2064 vitio.
677 2002 767 2065 Dum.
774 2004 899 2084 Accipe:
911 2007 1027 2083 primum

223 2086 380 2164 Aedificas,
393 2087 449 2147 boc
460 2095 520 2165 est,
533 2087 635 2165 longos
646 2089 777 2166 imitaris,
790 2089 826 2149 ab
837 2092 893 2149 imo

223 2171 268 2231 Ad
280 2189 416 2231 summum
426 2179 502 2231 totns
512 2171 618 2231 moduli
628 2172 783 2250 bipedalis,
797 2182 826 2232 et
836 2173 912 2235 idem

140 2261 201 2323 310
220 2254 354 2333 Corpore
364 2257 499 2317 maiorem
512 2255 588 2316 rides
600 2254 738 2316 Turbonis
750 2259 779 2317 in
794 2259 877 2317 armis

222 2341 355 2419 Spiritum
368 2349 396 2399 et
406 2341 563 2400 incessum:
575 2343 624 2418 qni
634 2339 768 2400 ridiculus
779 2336 869 2400 min'us
880 2339 954 2403 illo?

221 2425 266 2484 An
277 2423 465 2503 quodcunque
482 2423 549 2484 iacit
560 2423 727 2500 Maecenas,
750 2433 780 2484 te
792 2441 908 2503 quer
922 2445 1022 2487 verum
1030 2435 1068 2487 est

222 2508 338 2568 Tantum
354 2507 517 2568 dissimilem
529 2517 557 2568 et
566 2518 642 2569 tanto
655 2517 763 2568 certare
774 2506 931 2570 minorem?
969 2578 972 2583 ¹

219 2592 354 2656 Absentis
365 2611 449 2653 ranae
463 2592 547 2670 pullis
558 2591 637 2653 uituli
650 2591 724 2670 pede
735 2594 843 2671 pressis

136 2679 197 2743 315
219 2675 297 2738 Unus
309 2677 356 2737 ubi
370 2677 484 2755 cffugit,
495 2679 574 2737 matri
587 2676 729 2752 denarrat,
746 2685 776 2735 ut
787 2679 887 2754 ingens

218 2759 317 2822 Belius
329 2771 466 2840 cognatos
481 2762 602 2823 eliserit:
614 2761 785 2838 intrrogare,

220 2844 388 2918 Quantanei
409 2845 483 2907 Num
495 2854 614 2921 tantum,
630 2844 807 2919 sustinuisse,
824 2861 926 2920 magna
936 2839 1056 2905 inisset?

217 2929 391 3007 s„ttaior.“
413 2926 611 3008 p‚‚1tiuidio?
624 2923 880 2988 -Nnmtant0?“
901 2925 1000 2997 §Cum
1012 2924 1089 3004 made

643 3021 728 3090 atque
988 3076 991 3081 ,

217 3099 255 3158 Se
265 3103 356 3180 magis
367 3099 487 3174 induret,
501 3095 606 3174 „Non‚
620 3097 645 3154 si
659 3105 689 3156 te
700 3096 834 3174 ruperis“
846 3095 948 3173 inquit,

77 3238 80 3243 .
133 3180 196 3246 320
216 3180 395 3259 ,‚Pareris.“
417 3182 522 3244 liaeca
536 3190 565 3242 te
575 3195 632 3239 non
645 3179 759 3240 multum
770 3177 877 3249 abludit
887 3180 995 3256 imago.

216 3265 297 3328 Adde
308 3276 439 3348 poemata
448 3283 532 3342 nunc,
546 3265 601 3324 boc
617 3271 672 3340 est,
685 3262 780 3323 oleum
791 3261 864 3324 adde
876 3265 999 3340 camino,

217 3348 296 3423 Quae
312 3355 412 3434 siquis
427 3369 511 3415 sanus
522 3349 608 3426 iecit,
624 3366 709 3408 sanus
721 3347 792 3408 iacis
805 3355 834 3406 et
845 3354 884 3406 tu.

57 3560 145 3640 ῃ.
