2266 3878
468 273 577 389 ilani}
590 273 615 333 l.

470 404 544 465 ista
559 396 591 459 ἅ,

372 609 418 661 ΑΙ)
438 608 712 664 THALIARCHUM.

212 742 294 804 Vides
305 754 334 805 ut
346 746 402 806 alta
413 754 469 805 stet
482 748 549 805 nive
562 746 708 806 candidum

209 829 336 905 Soracte,
348 848 403 889 nee
415 832 468 888 iarn
480 832 634 888 sustineant
646 845 717 897 enus

258 913 353 972 Silvae
371 913 542 986 laborantes,
560 912 685 991 geluque

310 995 434 1056 Flumina
450 998 625 1056 constiterint
636 1005 729 1056 acuto.

206 1146 340 1207 Dissolve
355 1149 444 1226 frigus
456 1149 531 1225 ligna
550 1168 581 1207 su
605 1168 635 1208 er
646 1148 713 1230 seeo

205 1231 295 1309 Lange
307 1249 458 1310 reponens,
472 1242 555 1310 atque
587 1235 716 1308 enignius

256 1316 400 1393 Depreme
414 1315 585 1393 quadrimum
599 1317 712 1391 Sabina,

311 1398 334 1457 0
347 1397 521 1474 Thaliarche,
536 1417 641 1457 rnerurn
653 1399 738 1457 dieta.

205 1546 338 1606 Permitte
351 1547 424 1607 divis
436 1557 541 1623 cetera,
555 1550 602 1625 qui
617 1549 698 1608 simul

206 1631 338 1690 stravere
350 1638 451 1690 ventes
462 1649 588 1709 aequore
599 1631 708 1697 fervido

256 1713 488 1792 Deproeliantes,
507 1732 561 1774 nec
573 1716 702 1794 cupressi
799 1748 807 1759 ν

307 1798 369 1858 Nec
385 1807 498 1858 veteres
512 1800 652 1876 agitantur
665 1801 737 1858 orni.
816 1820 819 1839 ·

206 1947 280 2024 Quid
291 1950 463 2028 sit-iutugum
476 1969 550 2026 cras,
567 1951 635 2029 frma
647 1968 796 2030 qua-erere,
815 1959 843 2011 et

122 2046 128 2065 ·
205 2032 297 2107 Quem
307 2031 379 2093 Fors
393 2033 500 2094 dierum
513 2054 624 2114 cunque
636 2035 723 2113 dabit,
736 2035 815 2094 lucro
897 2042 906 2057 ·

253 2116 386 2195 appone,
398 2137 453 2177 nec
468 2118 566 2178 dulces
578 2137 689 2178 amores
759 2162 763 2169 ι

307 2201 416 2279 Sperne
430 2220 510 2280 puer,
523 2220 616 2281 neque
626 2212 662 2281 Q
670 2203 801 2278 chereas,

202 2349 304 2409 Donec
319 2353 420 2411 virenti
433 2358 550 2414 canities
563 2353 645 2414 abest

202 2433 326 2494 Morosa.
348 2434 428 2494 Nune
441 2447 469 2496 et
481 2455 594 2515 campus
607 2446 635 2495 et
646 2440 729 2496 areae

253 2517 402 2596 Lenesque
417 2520 468 2578 sub
483 2530 595 2580 nectem
609 2521 715 2579 susurri

200 2600 204 2614 “
308 2599 472 2681 Composita
482 2611 644 2681 repetantur
654 2603 734 2679 hora,

202 2751 285 2813 Nunc
297 2763 325 2813 et
338 2754 449 2815 latentis
458 2753 587 2835 proditor
599 2755 694 2812 intimo

205 2835 305 2897 Gratus
318 2839 429 2916 puellae
440 2842 513 2898 risus
529 2838 563 2897 ab
583 2836 698 2914 angulo,

179 2938 182 2943 ·
256 2920 418 3000 Pignusque
429 2922 573 3000 dereptum
585 2921 698 2980 lacertis

308 3005 364 3064 Aut
378 3007 466 3083 digito
481 3005 553 3064 nrale
566 3006 711 3084 pertinaci.

977 2117 1014 2179 15
