<?xml version="1.0" encoding="UTF-8"?>
<!DOCTYPE html PUBLIC "-//W3C//DTD XHTML 1.0 Transitional//EN"
    "http://www.w3.org/TR/xhtml1/DTD/xhtml1-transitional.dtd">
<html xmlns="http://www.w3.org/1999/xhtml" xml:lang="en" lang="en">
 <head>
  <title>
</title>
<meta http-equiv="Content-Type" content="text/html;charset=utf-8" />
  <meta name='ocr-system' content='tesseract 3.04.00' />
  <meta name='ocr-capabilities' content='ocr_page ocr_carea ocr_par ocr_line ocrx_word'/>
</head>
<body>
  <div class='ocr_page' id='page_1' title='image "./qhoratiiflaccio00schmgoog_0100.png"; bbox 0 0 2266 3878; ppageno 0'>
   <div class='ocr_carea' id='block_1_1' title="bbox 61 228 199 349">
    <p class='ocr_par' dir='ltr' id='par_1_1' title="bbox 61 228 199 349">
     <span class='ocr_line' id='line_1_1' title="bbox 61 228 199 349; baseline 0.014 -16"><span class='ocrx_word' id='word_1_1' title='bbox 61 279 139 349; x_wconf 69' lang='lat' dir='ltr'><strong>naa]</strong></span> <span class='ocrx_word' id='word_1_2' title='bbox 173 228 199 243; x_wconf 29' lang='lat'><strong>&#39;¹</strong></span> 
     </span>
    </p>
   </div>
   <div class='ocr_carea' id='block_1_2' title="bbox 390 276 591 339">
    <p class='ocr_par' dir='ltr' id='par_1_2' title="bbox 390 276 591 339">
     <span class='ocr_line' id='line_1_2' title="bbox 390 276 591 339; baseline -0.005 0"><span class='ocrx_word' id='word_1_3' title='bbox 390 276 500 339; x_wconf 80' lang='lat' dir='ltr'>LIBER</span> <span class='ocrx_word' id='word_1_4' title='bbox 514 276 565 338; x_wconf 90' lang='lat' dir='ltr'><strong>lll.</strong></span> <span class='ocrx_word' id='word_1_5' title='bbox 589 301 591 319; x_wconf 74' lang='lat'><strong>¹</strong></span> 
     </span>
    </p>
   </div>
   <div class='ocr_carea' id='block_1_3' title="bbox 159 423 972 928">
    <p class='ocr_par' dir='ltr' id='par_1_3' title="bbox 159 423 972 928">
     <span class='ocr_line' id='line_1_3' title="bbox 159 423 971 508; baseline 0.012 -21"><span class='ocrx_word' id='word_1_6' title='bbox 159 428 191 499; x_wconf 82' lang='lat' dir='ltr'><strong>Si</strong></span> <span class='ocrx_word' id='word_1_7' title='bbox 203 429 264 508; x_wconf 71' lang='lat' dir='ltr'><strong>figo</strong></span> <span class='ocrx_word' id='word_1_8' title='bbox 274 427 463 490; x_wconf 86' lang='lat' dir='ltr'><strong>adamantinos</strong></span> <span class='ocrx_word' id='word_1_9' title='bbox 553 423 557 430; x_wconf 65' lang='grc'><em>“</em></span> <span class='ocrx_word' id='word_1_10' title='bbox 952 436 971 497; x_wconf 79' lang='lat'><strong>5</strong></span> 
     </span>
     <span class='ocr_line' id='line_1_4' title="bbox 209 512 939 575; baseline 0.001 -2"><span class='ocrx_word' id='word_1_11' title='bbox 209 512 329 573; x_wconf 82' lang='lat' dir='ltr'><strong>Summis</strong></span> <span class='ocrx_word' id='word_1_12' title='bbox 339 516 494 574; x_wconf 85' lang='lat' dir='ltr'><strong>verticibus</strong></span> <span class='ocrx_word' id='word_1_13' title='bbox 508 514 567 574; x_wconf 85' lang='lat' dir='ltr'><strong>dira</strong></span> <span class='ocrx_word' id='word_1_14' title='bbox 577 513 741 575; x_wconf 78' lang='lat' dir='ltr'><strong>Necessitas</strong></span> <span class='ocrx_word' id='word_1_15' title='bbox 933 534 939 540; x_wconf 65' lang='grc'><em>“</em></span> 
     </span>
     <span class='ocr_line' id='line_1_5' title="bbox 160 592 565 675; baseline 0 -18"><span class='ocrx_word' id='word_1_16' title='bbox 160 592 469 674; x_wconf 75' lang='lat' dir='ltr'><strong>Claros,uonaui1num</strong></span> <span class='ocrx_word' id='word_1_17' title='bbox 479 608 565 675; x_wconf 86' lang='lat' dir='ltr'><strong>metu,</strong></span> 
     </span>
     <span class='ocr_line' id='line_1_6' title="bbox 163 677 763 761; baseline 0.005 -21"><span class='ocrx_word' id='word_1_18' title='bbox 163 712 164 717; x_wconf 18' lang='grc' dir='ltr'><strong>κ</strong></span> <span class='ocrx_word' id='word_1_19' title='bbox 209 677 275 741; x_wconf 84' lang='lat' dir='ltr'><strong>Non</strong></span> <span class='ocrx_word' id='word_1_20' title='bbox 285 683 382 740; x_wconf 87' lang='lat' dir='ltr'><strong>mortis</strong></span> <span class='ocrx_word' id='word_1_21' title='bbox 397 681 507 761; x_wconf 75' lang='lat' dir='ltr'><strong>laqueis</strong></span> <span class='ocrx_word' id='word_1_22' title='bbox 519 681 656 760; x_wconf 82' lang='lat' dir='ltr'><strong>expedies</strong></span> <span class='ocrx_word' id='word_1_23' title='bbox 669 692 763 761; x_wconf 88' lang='lat' dir='ltr'><strong>caput.</strong></span> 
     </span>
     <span class='ocr_line' id='line_1_7' title="bbox 161 761 669 843; baseline -0.002 -18"><span class='ocrx_word' id='word_1_24' title='bbox 161 761 343 843; x_wconf 79' lang='lat' dir='ltr'><strong>Campestres</strong></span> <span class='ocrx_word' id='word_1_25' title='bbox 358 765 459 825; x_wconf 89' lang='lat' dir='ltr'><strong>melius</strong></span> <span class='ocrx_word' id='word_1_26' title='bbox 472 766 607 842; x_wconf 71' lang='lat' dir='ltr'><strong>Scythae,</strong></span> <span class='ocrx_word' id='word_1_27' title='bbox 647 783 649 794; x_wconf 65' lang='grc'><strong><em>’</em></strong></span> <span class='ocrx_word' id='word_1_28' title='bbox 664 767 669 836; x_wconf 66' lang='lat' dir='ltr'>j</span> 
     </span>
     <span class='ocr_line' id='line_1_8' title="bbox 211 846 972 928; baseline 0.004 -20"><span class='ocrx_word' id='word_1_29' title='bbox 211 846 336 922; x_wconf 82' lang='lat' dir='ltr'><strong>Quorum</strong></span> <span class='ocrx_word' id='word_1_30' title='bbox 350 848 471 927; x_wconf 87' lang='lat' dir='ltr'><strong>plaustra</strong></span> <span class='ocrx_word' id='word_1_31' title='bbox 482 867 569 927; x_wconf 75' lang='lat' dir='ltr'><strong>vagas</strong></span> <span class='ocrx_word' id='word_1_32' title='bbox 580 851 633 910; x_wconf 86' lang='lat' dir='ltr'><strong>rite</strong></span> <span class='ocrx_word' id='word_1_33' title='bbox 643 851 753 918; x_wconf 88' lang='lat' dir='ltr'><strong>trabunt</strong></span> <span class='ocrx_word' id='word_1_34' title='bbox 765 849 875 928; x_wconf 86' lang='lat' dir='ltr'><strong>domos,</strong></span> <span class='ocrx_word' id='word_1_35' title='bbox 931 855 972 916; x_wconf 90' lang='lat'><strong>10</strong></span> 
     </span>
    </p>
   </div>
   <div class='ocr_carea' id='block_1_4' title="bbox 153 930 515 1010">
    <p class='ocr_par' dir='ltr' id='par_1_4' title="bbox 153 930 515 1010">
     <span class='ocr_line' id='line_1_9' title="bbox 153 930 515 1010; baseline -0.003 -18"><span class='ocrx_word' id='word_1_36' title='bbox 153 930 264 992; x_wconf 73' lang='lat' dir='ltr'><strong>‘Vivant</strong></span> <span class='ocrx_word' id='word_1_37' title='bbox 275 941 304 992; x_wconf 89' lang='lat' dir='ltr'><strong>et</strong></span> <span class='ocrx_word' id='word_1_38' title='bbox 313 931 396 1010; x_wconf 76' lang='lat' dir='ltr'><strong>rigidi</strong></span> <span class='ocrx_word' id='word_1_39' title='bbox 415 932 515 1010; x_wconf 79' lang='lat' dir='ltr'><strong>Getae,</strong></span> 
     </span>
    </p>
   </div>
   <div class='ocr_carea' id='block_1_5' title="bbox 160 1013 693 1263">
    <p class='ocr_par' dir='ltr' id='par_1_5' title="bbox 160 1013 735 1263">
     <span class='ocr_line' id='line_1_10' title="bbox 209 1013 693 1109; baseline 0.006 -34"><span class='ocrx_word' id='word_1_40' title='bbox 209 1013 353 1109; x_wconf 84' lang='lat' dir='ltr'><strong>Immatata</strong></span> <span class='ocrx_word' id='word_1_41' title='bbox 364 1016 465 1095; x_wconf 90' lang='lat' dir='ltr'><strong>quibus</strong></span> <span class='ocrx_word' id='word_1_42' title='bbox 476 1019 575 1095; x_wconf 82' lang='lat' dir='ltr'><strong>iugera</strong></span> <span class='ocrx_word' id='word_1_43' title='bbox 589 1017 693 1078; x_wconf 83' lang='lat' dir='ltr'><strong>liberas</strong></span> 
     </span>
     <span class='ocr_line' id='line_1_11' title="bbox 160 1096 626 1263; baseline 0.002 -18"><span class='ocrx_word' id='word_1_44' title='bbox 160 1096 735 1263; x_wconf 56' lang='lat' dir='ltr'><strong>”mitilillnillannn</strong></span> 
     </span>
    </p>
   </div>
   <div class='ocr_carea' id='block_1_6' title="bbox 117 1226 1060 1347">
    <p class='ocr_par' dir='ltr' id='par_1_6' title="bbox 117 1226 1060 1347">
     <span class='ocr_line' id='line_1_12' title="bbox 117 1226 1060 1347; baseline 0.005 -19"><span class='ocrx_word' id='word_1_45' title='bbox 117 1267 384 1347; x_wconf 81' lang='lat' dir='ltr'><strong>¹Defunctumque</strong></span> <span class='ocrx_word' id='word_1_46' title='bbox 398 1268 541 1329; x_wconf 79' lang='lat' dir='ltr'><strong>laboribus</strong></span> <span class='ocrx_word' id='word_1_47' title='bbox 846 1286 847 1293; x_wconf 53' lang='lat'>¹</span> <span class='ocrx_word' id='word_1_48' title='bbox 932 1272 971 1333; x_wconf 81' lang='lat'><strong>15</strong></span> <span class='ocrx_word' id='word_1_49' title='bbox 1055 1226 1060 1235; x_wconf 21' lang='lat' dir='ltr'>x</span> 
     </span>
    </p>
   </div>
   <div class='ocr_carea' id='block_1_7' title="bbox 161 1351 767 1683">
    <p class='ocr_par' dir='ltr' id='par_1_7' title="bbox 161 1351 715 1517">
     <span class='ocr_line' id='line_1_13' title="bbox 210 1351 715 1431; baseline -0.002 -19"><span class='ocrx_word' id='word_1_50' title='bbox 210 1351 331 1431; x_wconf 79' lang='lat' dir='ltr'><strong>Aequall</strong></span> <span class='ocrx_word' id='word_1_51' title='bbox 341 1361 539 1413; x_wconf 87' lang='lat' dir='ltr'><strong>recreatsorte</strong></span> <span class='ocrx_word' id='word_1_52' title='bbox 555 1354 687 1413; x_wconf 84' lang='lat' dir='ltr'><strong>vicarius.</strong></span> <span class='ocrx_word' id='word_1_53' title='bbox 704 1385 715 1398; x_wconf 95' lang='lat'><em>·</em></span> 
     </span>
     <span class='ocr_line' id='line_1_14' title="bbox 161 1433 627 1517; baseline -0.002 -20"><span class='ocrx_word' id='word_1_54' title='bbox 161 1433 223 1497; x_wconf 93' lang='lat' dir='ltr'><strong>Illic</strong></span> <span class='ocrx_word' id='word_1_55' title='bbox 234 1445 322 1497; x_wconf 89' lang='lat' dir='ltr'><strong>matre</strong></span> <span class='ocrx_word' id='word_1_56' title='bbox 334 1438 494 1497; x_wconf 81' lang='lat' dir='ltr'><strong>carentibus</strong></span> <span class='ocrx_word' id='word_1_57' title='bbox 626 1508 627 1517; x_wconf 9' lang='grc' dir='ltr'>χ</span> 
     </span>
    </p>

    <p class='ocr_par' dir='ltr' id='par_1_8' title="bbox 162 1517 767 1683">
     <span class='ocr_line' id='line_1_15' title="bbox 208 1517 767 1599; baseline 0.002 -18"><span class='ocrx_word' id='word_1_58' title='bbox 208 1517 347 1599; x_wconf 77' lang='lat' dir='ltr'><strong>Privigpis</strong></span> <span class='ocrx_word' id='word_1_59' title='bbox 357 1520 458 1580; x_wconf 89' lang='lat' dir='ltr'><strong>mulicr</strong></span> <span class='ocrx_word' id='word_1_60' title='bbox 468 1530 606 1599; x_wconf 73' lang='lat' dir='ltr'><strong>temperat</strong></span> <span class='ocrx_word' id='word_1_61' title='bbox 619 1523 767 1598; x_wconf 81' lang='lat' dir='ltr'><strong>innocens,</strong></span> 
     </span>
     <span class='ocr_line' id='line_1_16' title="bbox 162 1601 510 1683; baseline 0 -19"><span class='ocrx_word' id='word_1_62' title='bbox 162 1601 223 1664; x_wconf 80' lang='lat' dir='ltr'><strong>Nec</strong></span> <span class='ocrx_word' id='word_1_63' title='bbox 234 1604 327 1665; x_wconf 85' lang='lat' dir='ltr'><strong>dotata</strong></span> <span class='ocrx_word' id='word_1_64' title='bbox 337 1607 411 1683; x_wconf 80' lang='lat' dir='ltr'><strong>regit</strong></span> <span class='ocrx_word' id='word_1_65' title='bbox 421 1607 510 1665; x_wconf 85' lang='lat' dir='ltr'><strong>virum</strong></span> 
     </span>
    </p>
   </div>
   <div class='ocr_carea' id='block_1_8' title="bbox 210 1680 1039 1771">
    <p class='ocr_par' dir='ltr' id='par_1_9' title="bbox 210 1680 1039 1771">
     <span class='ocr_line' id='line_1_17' title="bbox 210 1680 1039 1771; baseline 0.004 -23"><span class='ocrx_word' id='word_1_66' title='bbox 210 1685 331 1766; x_wconf 78' lang='lat' dir='ltr'><strong>Coniux,</strong></span> <span class='ocrx_word' id='word_1_67' title='bbox 350 1707 405 1751; x_wconf 91' lang='lat' dir='ltr'><strong>nec</strong></span> <span class='ocrx_word' id='word_1_68' title='bbox 422 1688 510 1771; x_wconf 82' lang='lat' dir='ltr'><strong>nitido</strong></span> <span class='ocrx_word' id='word_1_69' title='bbox 523 1687 581 1748; x_wconf 86' lang='lat' dir='ltr'><strong>lidit</strong></span> <span class='ocrx_word' id='word_1_70' title='bbox 591 1688 728 1749; x_wconf 88' lang='lat' dir='ltr'><strong>adultero.</strong></span> <span class='ocrx_word' id='word_1_71' title='bbox 932 1691 973 1751; x_wconf 87' lang='grc'><strong>20</strong></span> <span class='ocrx_word' id='word_1_72' title='bbox 1036 1680 1039 1686; x_wconf 57' lang='grc'><strong>“</strong></span> 
     </span>
    </p>
   </div>
   <div class='ocr_carea' id='block_1_9' title="bbox 162 1770 850 2105">
    <p class='ocr_par' dir='ltr' id='par_1_10' title="bbox 162 1770 850 2105">
     <span class='ocr_line' id='line_1_18' title="bbox 162 1770 561 1852; baseline -0.003 -20"><span class='ocrx_word' id='word_1_73' title='bbox 162 1770 222 1841; x_wconf 84' lang='lat' dir='ltr'><strong>Dos</strong></span> <span class='ocrx_word' id='word_1_74' title='bbox 233 1781 278 1832; x_wconf 88' lang='lat' dir='ltr'><strong>eat</strong></span> <span class='ocrx_word' id='word_1_75' title='bbox 292 1791 391 1852; x_wconf 73' lang='lat' dir='ltr'><strong>magna</strong></span> <span class='ocrx_word' id='word_1_76' title='bbox 406 1776 561 1851; x_wconf 88' lang='lat' dir='ltr'><strong>parentium</strong></span> 
     </span>
     <span class='ocr_line' id='line_1_19' title="bbox 168 1856 671 1918; baseline 0 -2"><span class='ocrx_word' id='word_1_77' title='bbox 168 1893 170 1901; x_wconf 69' lang='lat'><em>,</em></span> <span class='ocrx_word' id='word_1_78' title='bbox 210 1856 306 1917; x_wconf 82' lang='lat' dir='ltr'><strong>Virtus</strong></span> <span class='ocrx_word' id='word_1_79' title='bbox 318 1865 347 1918; x_wconf 90' lang='lat' dir='ltr'><strong>et</strong></span> <span class='ocrx_word' id='word_1_80' title='bbox 357 1867 484 1918; x_wconf 87' lang='lat' dir='ltr'><strong>metuens</strong></span> <span class='ocrx_word' id='word_1_81' title='bbox 498 1857 671 1918; x_wconf 86' lang='lat' dir='ltr'><strong>alteriusviri</strong></span> 
     </span>
     <span class='ocr_line' id='line_1_20' title="bbox 165 1938 518 2018; baseline 0.006 -18"><span class='ocrx_word' id='word_1_82' title='bbox 165 1938 249 2000; x_wconf 78' lang='lat' dir='ltr'><strong>Certo</strong></span> <span class='ocrx_word' id='word_1_83' title='bbox 261 1941 380 2001; x_wconf 86' lang='lat' dir='ltr'><strong>loedere</strong></span> <span class='ocrx_word' id='word_1_84' title='bbox 392 1944 518 2018; x_wconf 88' lang='lat' dir='ltr'><strong>castitas,</strong></span> 
     </span>
     <span class='ocr_line' id='line_1_21' title="bbox 209 2023 850 2105; baseline 0.003 -20"><span class='ocrx_word' id='word_1_85' title='bbox 209 2023 249 2086; x_wconf 86' lang='lat' dir='ltr'><strong>lit</strong></span> <span class='ocrx_word' id='word_1_86' title='bbox 259 2042 382 2104; x_wconf 81' lang='lat' dir='ltr'><strong>pecuare</strong></span> <span class='ocrx_word' id='word_1_87' title='bbox 398 2026 480 2085; x_wconf 81' lang='lat' dir='ltr'><strong>nelos</strong></span> <span class='ocrx_word' id='word_1_88' title='bbox 492 2034 539 2086; x_wconf 90' lang='lat' dir='ltr'><strong>aut</strong></span> <span class='ocrx_word' id='word_1_89' title='bbox 550 2028 671 2105; x_wconf 89' lang='lat' dir='ltr'><strong>pretium</strong></span> <span class='ocrx_word' id='word_1_90' title='bbox 684 2033 728 2085; x_wconf 87' lang='lat' dir='ltr'><strong>est</strong></span> <span class='ocrx_word' id='word_1_91' title='bbox 738 2028 819 2087; x_wconf 92' lang='lat' dir='ltr'><strong>mori.</strong></span> <span class='ocrx_word' id='word_1_92' title='bbox 839 2058 850 2069; x_wconf 95' lang='lat'>·</span> 
     </span>
    </p>
   </div>
   <div class='ocr_carea' id='block_1_10' title="bbox 164 2103 1115 2188">
    <p class='ocr_par' dir='ltr' id='par_1_11' title="bbox 164 2103 1115 2188">
     <span class='ocr_line' id='line_1_22' title="bbox 164 2103 1115 2188; baseline 0.009 -20"><span class='ocrx_word' id='word_1_93' title='bbox 164 2108 414 2188; x_wconf 85' lang='lat' dir='ltr'><strong>anisqnisvolet</strong></span> <span class='ocrx_word' id='word_1_94' title='bbox 430 2112 530 2188; x_wconf 87' lang='lat' dir='ltr'><strong>impias</strong></span> <span class='ocrx_word' id='word_1_95' title='bbox 933 2113 971 2176; x_wconf 82' lang='lat'><strong>25</strong></span> <span class='ocrx_word' id='word_1_96' title='bbox 991 2103 993 2106; x_wconf 45' lang='grc'>’</span> <span class='ocrx_word' id='word_1_97' title='bbox 1111 2132 1115 2139; x_wconf 92' lang='grc'><em>·</em></span> 
     </span>
    </p>
   </div>
   <div class='ocr_carea' id='block_1_11' title="bbox 162 2191 974 2777">
    <p class='ocr_par' dir='ltr' id='par_1_12' title="bbox 165 2191 740 2356">
     <span class='ocr_line' id='line_1_23' title="bbox 211 2191 740 2272; baseline 0.002 -18"><span class='ocrx_word' id='word_1_98' title='bbox 211 2191 323 2254; x_wconf 75' lang='lat' dir='ltr'><strong>credes</strong></span> <span class='ocrx_word' id='word_1_99' title='bbox 336 2202 365 2254; x_wconf 92' lang='lat' dir='ltr'><strong>et</strong></span> <span class='ocrx_word' id='word_1_100' title='bbox 378 2194 485 2253; x_wconf 88' lang='lat' dir='ltr'><strong>rabiem</strong></span> <span class='ocrx_word' id='word_1_101' title='bbox 497 2195 600 2255; x_wconf 86' lang='lat' dir='ltr'><strong>tollere</strong></span> <span class='ocrx_word' id='word_1_102' title='bbox 612 2197 740 2272; x_wconf 82' lang='lat' dir='ltr'><strong>civicam,</strong></span> 
     </span>
     <span class='ocr_line' id='line_1_24' title="bbox 165 2275 616 2356; baseline 0.007 -20"><span class='ocrx_word' id='word_1_103' title='bbox 165 2275 193 2336; x_wconf 87' lang='lat' dir='ltr'><strong>Si</strong></span> <span class='ocrx_word' id='word_1_104' title='bbox 202 2287 323 2356; x_wconf 87' lang='lat' dir='ltr'><strong>quaeret</strong></span> <span class='ocrx_word' id='word_1_105' title='bbox 334 2276 463 2337; x_wconf 76' lang='lat' dir='ltr'><strong>PATER·</strong></span> <span class='ocrx_word' id='word_1_106' title='bbox 472 2277 616 2338; x_wconf 84' lang='lat' dir='ltr'><strong>URBIVll</strong></span> 
     </span>
    </p>

    <p class='ocr_par' dir='ltr' id='par_1_13' title="bbox 162 2362 781 2522">
     <span class='ocr_line' id='line_1_25' title="bbox 210 2362 781 2440; baseline 0 -18"><span class='ocrx_word' id='word_1_107' title='bbox 210 2362 356 2422; x_wconf 84' lang='lat' dir='ltr'><strong>Snbscm&#39;bi</strong></span> <span class='ocrx_word' id='word_1_108' title='bbox 368 2365 466 2422; x_wconf 88' lang='lat' dir='ltr'><strong>statuis</strong></span> <span class='ocrx_word' id='word_1_109' title='bbox 478 2407 487 2440; x_wconf 80' lang='lat'>,</span> <span class='ocrx_word' id='word_1_110' title='bbox 510 2362 670 2423; x_wconf 87' lang='lat' dir='ltr'><strong>indomitam</strong></span> <span class='ocrx_word' id='word_1_111' title='bbox 682 2363 781 2423; x_wconf 86' lang='lat' dir='ltr'><strong>audeat</strong></span> 
     </span>
     <span class='ocr_line' id='line_1_26' title="bbox 162 2442 628 2522; baseline 0.002 -18"><span class='ocrx_word' id='word_1_112' title='bbox 162 2442 318 2507; x_wconf 84' lang='lat' dir='ltr'><strong>Refrenare</strong></span> <span class='ocrx_word' id='word_1_113' title='bbox 326 2445 478 2522; x_wconf 82' lang='lat' dir='ltr'><strong>licentiam,</strong></span> <span class='ocrx_word' id='word_1_114' title='bbox 627 2495 628 2498; x_wconf 63' lang='lat'>,</span> 
     </span>
    </p>

    <p class='ocr_par' dir='ltr' id='par_1_14' title="bbox 163 2528 974 2688">
     <span class='ocr_line' id='line_1_27' title="bbox 204 2528 974 2611; baseline 0.004 -20"><span class='ocrx_word' id='word_1_115' title='bbox 204 2528 304 2591; x_wconf 77' lang='lat' dir='ltr'><strong>Clarus</strong></span> <span class='ocrx_word' id='word_1_116' title='bbox 315 2533 502 2608; x_wconf 74' lang='lat' dir='ltr'><strong>postgenita:</strong></span> <span class='ocrx_word' id='word_1_117' title='bbox 525 2540 663 2611; x_wconf 86' lang='lat' dir='ltr'><strong>quatenus</strong></span> <span class='ocrx_word' id='word_1_118' title='bbox 675 2563 686 2576; x_wconf 92' lang='lat'><strong>·</strong></span> <span class='ocrx_word' id='word_1_119' title='bbox 698 2531 753 2590; x_wconf 91' lang='lat' dir='ltr'><strong>beu</strong></span> <span class='ocrx_word' id='word_1_120' title='bbox 764 2530 845 2590; x_wconf 85' lang='lat' dir='ltr'><strong>nolas</strong></span> <span class='ocrx_word' id='word_1_121' title='bbox 857 2529 865 2590; x_wconf 84' lang='lat' dir='ltr'><strong>l</strong></span> <span class='ocrx_word' id='word_1_122' title='bbox 878 2560 889 2574; x_wconf 93' lang='lat'><em>-</em></span> <span class='ocrx_word' id='word_1_123' title='bbox 932 2531 974 2594; x_wconf 83' lang='lat'><strong>30</strong></span> 
     </span>
     <span class='ocr_line' id='line_1_28' title="bbox 163 2613 610 2688; baseline -0.002 -14"><span class='ocrx_word' id='word_1_124' title='bbox 163 2614 298 2677; x_wconf 81' lang='lat' dir='ltr'><strong>Virtutem</strong></span> <span class='ocrx_word' id='word_1_125' title='bbox 308 2613 477 2674; x_wconf 87' lang='lat' dir='ltr'><strong>incolumem</strong></span> <span class='ocrx_word' id='word_1_126' title='bbox 490 2614 610 2688; x_wconf 82' lang='lat' dir='ltr'><strong>odimus,</strong></span> 
     </span>
    </p>

    <p class='ocr_par' dir='ltr' id='par_1_15' title="bbox 210 2698 787 2777">
     <span class='ocr_line' id='line_1_29' title="bbox 210 2698 787 2777; baseline -0.003 -18"><span class='ocrx_word' id='word_1_127' title='bbox 210 2698 352 2759; x_wconf 84' lang='lat' dir='ltr'><strong>Sublatam</strong></span> <span class='ocrx_word' id='word_1_128' title='bbox 367 2716 404 2758; x_wconf 87' lang='lat' dir='ltr'><strong>ex</strong></span> <span class='ocrx_word' id='word_1_129' title='bbox 416 2698 507 2758; x_wconf 90' lang='lat' dir='ltr'><strong>oculis</strong></span> <span class='ocrx_word' id='word_1_130' title='bbox 518 2701 677 2777; x_wconf 85' lang='lat' dir='ltr'><strong>quaerimus</strong></span> <span class='ocrx_word' id='word_1_131' title='bbox 691 2699 787 2758; x_wconf 79' lang='lat' dir='ltr'><strong>invidi.</strong></span> 
     </span>
    </p>
   </div>
   <div class='ocr_carea' id='block_1_12' title="bbox 86 2777 568 2861">
    <p class='ocr_par' dir='ltr' id='par_1_16' title="bbox 86 2777 568 2861">
     <span class='ocr_line' id='line_1_30' title="bbox 86 2777 568 2861; baseline -0.006 -18"><span class='ocrx_word' id='word_1_132' title='bbox 86 2777 90 2784; x_wconf 56' lang='lat'><strong><em>⁴</em></strong></span> <span class='ocrx_word' id='word_1_133' title='bbox 165 2780 238 2855; x_wconf 79' lang='lat' dir='ltr'><strong>Quid</strong></span> <span class='ocrx_word' id='word_1_134' title='bbox 251 2784 348 2842; x_wconf 85' lang='lat' dir='ltr'><strong>tristes</strong></span> <span class='ocrx_word' id='word_1_135' title='bbox 365 2784 568 2861; x_wconf 83' lang='lat' dir='ltr'><strong>querimoniae,</strong></span> 
     </span>
    </p>
   </div>
   <div class='ocr_carea' id='block_1_13' title="bbox 212 2864 730 2945">
    <p class='ocr_par' dir='ltr' id='par_1_17' title="bbox 212 2864 730 2945">
     <span class='ocr_line' id='line_1_31' title="bbox 212 2864 730 2945; baseline -0.006 -18"><span class='ocrx_word' id='word_1_136' title='bbox 212 2866 243 2927; x_wconf 90' lang='lat' dir='ltr'><strong>Si</strong></span> <span class='ocrx_word' id='word_1_137' title='bbox 259 2882 316 2926; x_wconf 91' lang='lat' dir='ltr'><strong>non</strong></span> <span class='ocrx_word' id='word_1_138' title='bbox 330 2865 472 2945; x_wconf 90' lang='lat' dir='ltr'><strong>supplicio</strong></span> <span class='ocrx_word' id='word_1_139' title='bbox 486 2866 568 2945; x_wconf 87' lang='lat' dir='ltr'><strong>culpa</strong></span> <span class='ocrx_word' id='word_1_140' title='bbox 581 2864 730 2935; x_wconf 88' lang='lat' dir='ltr'><strong>reciditur;</strong></span> 
     </span>
    </p>
   </div>
   <div class='ocr_carea' id='block_1_14' title="bbox 81 2949 973 3029">
    <p class='ocr_par' dir='ltr' id='par_1_18' title="bbox 81 2949 973 3029">
     <span class='ocr_line' id='line_1_32' title="bbox 81 2949 973 3029; baseline 0.006 -22"><span class='ocrx_word' id='word_1_141' title='bbox 81 3002 83 3007; x_wconf 83' lang='lat'><em>.</em></span> <span class='ocrx_word' id='word_1_142' title='bbox 164 2949 402 3029; x_wconf 77' lang='lat' dir='ltr'><strong>Quillegessine</strong></span> <span class='ocrx_word' id='word_1_143' title='bbox 417 2951 542 3010; x_wconf 89' lang='lat' dir='ltr'><strong>moribus</strong></span> <span class='ocrx_word' id='word_1_144' title='bbox 934 2949 973 3012; x_wconf 80' lang='lat'><strong>35</strong></span> 
     </span>
    </p>
   </div>
   <div class='ocr_carea' id='block_1_15' title="bbox 163 3033 869 3366">
    <p class='ocr_par' dir='ltr' id='par_1_19' title="bbox 163 3033 869 3181">
     <span class='ocr_line' id='line_1_33' title="bbox 212 3033 869 3114; baseline -0.002 -20"><span class='ocrx_word' id='word_1_145' title='bbox 212 3035 309 3095; x_wconf 83' lang='lat' dir='ltr'><strong>Vanae</strong></span> <span class='ocrx_word' id='word_1_146' title='bbox 320 3035 484 3112; x_wconf 85' lang='lat' dir='ltr'><strong>proliciunt,</strong></span> <span class='ocrx_word' id='word_1_147' title='bbox 497 3036 522 3095; x_wconf 90' lang='lat' dir='ltr'><strong>si</strong></span> <span class='ocrx_word' id='word_1_148' title='bbox 540 3052 633 3114; x_wconf 89' lang='lat' dir='ltr'><strong>neque</strong></span> <span class='ocrx_word' id='word_1_149' title='bbox 649 3033 766 3094; x_wconf 80' lang='lat' dir='ltr'><strong>fervidis</strong></span> <span class='ocrx_word' id='word_1_150' title='bbox 864 3054 869 3058; x_wconf 91' lang='lat'><em>·</em></span> 
     </span>
     <span class='ocr_line' id='line_1_34' title="bbox 163 3117 503 3181; baseline 0 -3"><span class='ocrx_word' id='word_1_151' title='bbox 163 3117 228 3181; x_wconf 87' lang='lat' dir='ltr'><strong>Pars</strong></span> <span class='ocrx_word' id='word_1_152' title='bbox 240 3117 349 3179; x_wconf 89' lang='lat' dir='ltr'><strong>inclusa</strong></span> <span class='ocrx_word' id='word_1_153' title='bbox 363 3117 503 3178; x_wconf 78' lang='lat' dir='ltr'><strong>caloribus</strong></span> 
     </span>
    </p>

    <p class='ocr_par' dir='ltr' id='par_1_20' title="bbox 165 3202 740 3366">
     <span class='ocr_line' id='line_1_35' title="bbox 212 3202 736 3263; baseline -0.002 1"><span class='ocrx_word' id='word_1_154' title='bbox 212 3202 309 3263; x_wconf 88' lang='lat' dir='ltr'><strong>blundi</strong></span> <span class='ocrx_word' id='word_1_155' title='bbox 320 3220 374 3262; x_wconf 92' lang='lat' dir='ltr'><strong>nec</strong></span> <span class='ocrx_word' id='word_1_156' title='bbox 392 3203 499 3263; x_wconf 87' lang='lat' dir='ltr'><strong>boreae</strong></span> <span class='ocrx_word' id='word_1_157' title='bbox 511 3203 654 3262; x_wconf 90' lang='lat' dir='ltr'><strong>linitimum</strong></span> <span class='ocrx_word' id='word_1_158' title='bbox 664 3202 736 3263; x_wconf 85' lang='lat' dir='ltr'><strong>latus</strong></span> 
     </span>
     <span class='ocr_line' id='line_1_36' title="bbox 165 3282 740 3366; baseline -0.002 -20"><span class='ocrx_word' id='word_1_159' title='bbox 165 3284 511 3366; x_wconf 86' lang='lat' dir='ltr'><strong>Durataequesolonives</strong></span> <span class='ocrx_word' id='word_1_160' title='bbox 738 3282 740 3287; x_wconf 51' lang='lat'><strong>⁴</strong></span> 
     </span>
    </p>
   </div>
   <div class='ocr_carea' id='block_1_16' title="bbox 134 3366 1048 3460">
    <p class='ocr_par' dir='ltr' id='par_1_21' title="bbox 134 3366 1048 3460">
     <span class='ocr_line' id='line_1_37' title="bbox 134 3366 1048 3460; baseline -0.005 -24"><span class='ocrx_word' id='word_1_161' title='bbox 134 3430 137 3436; x_wconf 94' lang='lat'>.</span> <span class='ocrx_word' id='word_1_162' title='bbox 169 3454 174 3460; x_wconf 14' lang='grc' dir='ltr'><em>Δ</em></span> <span class='ocrx_word' id='word_1_163' title='bbox 213 3368 400 3432; x_wconf 68' lang='grc' dir='ltr'><strong>Μετοαῑοτθιιι</strong></span> <span class='ocrx_word' id='word_1_164' title='bbox 410 3371 542 3450; x_wconf 76' lang='lat' dir='ltr'><strong>abigunt,</strong></span> <span class='ocrx_word' id='word_1_165' title='bbox 556 3369 668 3431; x_wconf 89' lang='lat' dir='ltr'><strong>horrida</strong></span> <span class='ocrx_word' id='word_1_166' title='bbox 685 3368 778 3429; x_wconf 85' lang='lat' dir='ltr'><strong>callidi</strong></span> <span class='ocrx_word' id='word_1_167' title='bbox 935 3366 976 3431; x_wconf 83' lang='lat'><strong>40</strong></span> <span class='ocrx_word' id='word_1_168' title='bbox 1043 3389 1048 3399; x_wconf 82' lang='lat'><strong><em>‘</em></strong></span> 
     </span>
    </p>
   </div>
   <div class='ocr_carea' id='block_1_17' title="bbox 763 3447 805 3502">
    <p class='ocr_par' dir='ltr' id='par_1_22' title="bbox 763 3447 805 3502">
     <span class='ocr_line' id='line_1_38' title="bbox 763 3447 805 3502; baseline 0 -10"><span class='ocrx_word' id='word_1_169' title='bbox 763 3447 805 3502; x_wconf 64' lang='grc'><strong>6*</strong></span> 
     </span>
    </p>
   </div>
   <div class='ocr_carea' id='block_1_18' title="bbox 845 3468 1075 3672">
    <p class='ocr_par' dir='ltr' id='par_1_23' title="bbox 845 3468 1075 3672">
     <span class='ocr_line' id='line_1_39' title="bbox 845 3468 1075 3672; baseline 0 -17"><span class='ocrx_word' id='word_1_170' title='bbox 845 3590 849 3601; x_wconf 67' lang='grc'><strong><em>»</em></strong></span> <span class='ocrx_word' id='word_1_171' title='bbox 996 3468 1075 3672; x_wconf 79' lang='lat' dir='ltr'><strong>l</strong></span> 
     </span>
    </p>
   </div>
   <div class='ocr_carea' id='block_1_19' title="bbox 0 0 1144 3878">
    <p class='ocr_par' dir='ltr' id='par_1_24' title="bbox 0 0 1144 3878">
     <span class='ocr_line' id='line_1_40' title="bbox 0 0 1144 3878; baseline 0 0"><span class='ocrx_word' id='word_1_172' title='bbox 0 0 1144 3878; x_wconf 95' lang='lat' dir='ltr'><strong> </strong></span> 
     </span>
    </p>
   </div>
  </div>
 </body>
</html>
