2266 3878
45 279 116 339 us.
129 277 184 361 ro]
382 274 496 337 unna
512 273 563 337 1v.

163 424 279 513 Paulum
291 426 422 505 sepultus
433 427 517 487 distat
529 428 648 489 inertius
757 424 759 429 ’

164 508 262 579 (lelata
271 511 371 570 virtum.
408 509 472 571 Non
484 527 539 588 ego
555 520 583 572 te
594 513 666 572 meis

211 591 322 655 Obortis
332 596 489 654 inornatum
502 593 606 671 silebo,

184 690 189 697 ’
254 675 346 738 'lotus
360 686 425 738 tuos
441 676 653 756 putiarlabores

99 801 104 811 '
161 799 292 880 Impune,
304 801 391 878 Lolli,
406 820 525 881 carpere
536 803 636 864 lividas

163 884 337 950 obliviones.
372 885 425 947 Est
436 888 543 947 animus
556 887 606 947 tibi

210 969 373 1050 Rerumque
385 970 509 1048 prudens
520 979 549 1031 et
560 970 693 1032 secundis

198 1120 201 1130 ¹
254 1053 442 1132 Temporibus
454 1053 604 1135 dubiisque
615 1063 721 1132 rectus,

159 1177 268 1240 Vindex
281 1198 383 1241 avarae
394 1180 501 1241 fraudis
515 1189 544 1241 et
554 1179 700 1242 abstinens

151 1261 295 1324 'Ducentis
307 1263 343 1325 ad
354 1282 387 1324 sc
399 1272 499 1325 cuncta
510 1266 660 1343 pecuniae,

209 1344 373 1426 Consulque
387 1365 444 1409 non
454 1350 536 1408 unius
548 1351 622 1425 anni,

249 1430 309 1492 Sed
320 1433 433 1511 quoties
444 1431 536 1493 bonus
552 1440 637 1512 atque
649 1431 720 1494 ddns

103 1596 106 1609 ,
158 1551 245 1616 ludex
255 1556 405 1617 honestum
420 1555 551 1634 praetulit
561 1555 633 1632 utili,

158 1637 270 1700 Reiecit
280 1639 339 1700 alto
349 1639 422 1701 dona
433 1641 594 1700 nocentium

208 1722 309 1801 Vultu,
322 1741 375 1802 per
386 1724 531 1785 obstantes
544 1731 671 1784 catervas

247 1807 393 1887 Explicuit
404 1824 455 1868 sua
468 1809 561 1868 victor
571 1825 655 1868 arma.

159 1930 222 1993 Non
233 1931 428 2012 possidentem
436 1932 522 1994 multa
537 1933 686 2011 vocaveris

157 2015 245 2082 Recte
259 2014 388 2086 beatum;
412 2018 517 2078 rectius
532 2026 654 2096 occupat

205 2099 316 2162 Nomen
326 2101 417 2178 beati,
434 2102 482 2181 qui
494 2099 611 2162 deorum

135 2246 141 2261 ,
248 2182 412 2245 Muneribus
425 2185 618 2262 sapienter'uti

79 2377 83 2389 1
155 2307 317 2390 Dumque
332 2309 416 2370 callet
428 2312 592 2389 pauperiem
606 2311 673 2388 pati,

156 2391 296 2473 Peiusqne
307 2393 366 2454 leto
381 2392 516 2473 flagitium
527 2395 616 2469 timet,

207 2475 273 2538 Non
285 2475 335 2538 ille
347 2480 485 2557 proceris
499 2478 596 2538 amicis

169 2640 172 2647 Ι
226 2614 229 2628 ,
248 2558 305 2622 Aut
315 2563 404 2640 patria
415 2560 527 2622 timidus
539 2561 642 2639 perire.

513 2744 517 2753 a

400 2865 572 2923 oltldx.

260 2982 326 3036 Al)
362 2982 716 3038 LIGURINUM.

93 3092 249 3155 Ocrudelis
264 3094 356 3156 adbuc
371 3104 400 3156 et
409 3095 529 3157 Veneris
541 3096 830 3174 muneribuspotens‚

91 3174 233 3258 Insperata
244 3188 310 3240 tuae
321 3198 385 3241 cum
397 3183 493 3241 veniet
505 3180 598 3258 pluma
613 3180 764 3259 superbiae

90 3258 138 3339 Et,
156 3281 230 3343 quae
241 3282 315 3332 nunc
330 3265 455 3324 humeris
468 3264 627 3342 incolitant,
647 3263 804 3327 deciderint
814 3280 923 3341 comae,

91 3343 168 3407 Nunc
179 3356 209 3408 et
223 3350 273 3427 qni
288 3347 369 3410 color
381 3356 425 3408 est
436 3350 575 3427 puniceae
589 3348 660 3414 llorc
672 3350 750 3428 prior
758 3362 852 3425 rosae,

936 3464 1059 3652 r
