2266 3878
127 277 189 341 aaa
269 282 272 287 ·
485 275 746 338 urmromnuu
941 274 1080 354 [spissa]

129 431 191 496 240
212 430 359 510 Pingeret,
375 439 421 491 aut
435 430 506 489 alius
515 428 641 508 Lysippo
654 429 770 489 duceret
781 447 847 489 aera

210 513 304 575 Fortis
315 513 466 574 Alexandri
476 513 582 572 vultum
594 513 759 591 simulantia.
783 511 894 585 Quodsi

210 596 347 657 Iudicium
358 596 460 658 subtile
471 596 600 657 videndis
612 597 717 657 artibus
729 596 796 655 illud

210 681 254 741 Ad
265 682 353 742 libros
368 690 398 740 et
412 679 446 740 ad
457 681 528 740 haec
539 680 679 741 illusarum
693 680 765 740 dona
776 697 911 739 vocares:

210 764 349 825 Boeotum
360 767 388 824 in
403 781 500 823 crasso
512 766 620 824 iurares
632 771 700 823 aere
710 772 814 823 uatum.

128 848 187 911 245
210 848 349 928 ltneque
360 847 531 908 dedecorant
545 857 590 908 tua
603 847 639 906 de
651 865 684 907 se
695 847 796 907 iudicia
807 855 893 923 atque

208 931 339 1009 Munera,
358 949 431 1009 quae
442 930 526 990 multa
538 932 627 991 dantis
643 948 706 989 cum
717 930 799 990 laude
810 928 933 1005 tulemnt

209 1014 314 1076 Dilecti
325 1017 375 1075 tibi
386 1014 521 1092 Virgilius
531 1015 691 1093 Variusque
704 1022 818 1091 potitae,

210 1099 272 1159 Nec
283 1101 373 1176 magis
385 1100 514 1177 expressi
525 1098 618 1158 vultus
630 1114 683 1175 per
694 1099 802 1157 ahenea
812 1099 903 1174 signa,

211 1182 301 1255 Quam
313 1199 365 1259 per
375 1183 447 1241 vatis
459 1197 531 1258 opus
543 1198 637 1242 mores
649 1183 789 1259 animique
800 1183 923 1239 virorum

126 1268 188 1329 250
210 1264 355 1326 Clarorum
369 1274 515 1343 apparent.
534 1265 598 1325 Nec
610 1282 757 1325 sermones
773 1280 828 1342 ego
838 1263 950 1323 mallem

209 1348 353 1426 Repentes
366 1366 417 1427 per
426 1349 554 1426 humum,
573 1368 656 1428 quam
666 1368 714 1408 res
726 1364 898 1426 componere
912 1355 1021 1424 gestan

210 1431 412 1510 Terrarumque
426 1434 497 1492 situs
509 1444 538 1494 et
552 1433 663 1494 domina
677 1433 773 1492 dicere
786 1440 815 1490 et
825 1447 908 1489 arces

208 1514 349 1576 lloutibus
361 1518 507 1595 impositas
519 1527 547 1578 et
558 1519 674 1578 lombara
683 1535 786 1594 regna,
798 1516 912 1591 tuisque

208 1599 352 1678 Auspiciis
366 1608 455 1681 totum
466 1603 596 1663 confecta
608 1601 700 1661 duella
711 1618 764 1679 per
775 1598 883 1674 orbem,

109 1684 186 1747 ‘too
210 1681 394 1762 Glausnaque
406 1686 551 1744 custodem
567 1688 645 1762 pacis
659 1684 817 1744 cohibentia
830 1680 936 1758 lanum,

208 1765 245 1827 Et
255 1767 429 1828 formidatam
439 1767 546 1828 Parthis
558 1778 586 1828 te
599 1768 725 1847 principe
736 1767 864 1841 Romam,

209 1850 239 1910 Si
251 1860 381 1928 quantum
393 1861 542 1929 cuperem,
566 1869 681 1929 possem
695 1868 822 1930 quoque;
845 1849 897 1909 sed
914 1868 1008 1930 neque
1024 1866 1079 1929 par

777 1952 842 1993 vum
968 1986 971 1991 .

209 2014 329 2076 Carmen
338 2017 469 2075 maiestas
480 2019 582 2094 recipit
592 2026 654 2093 tua,
671 2036 725 2078 nec
735 2037 814 2077 meus
825 2015 910 2075 audet

207 2098 278 2158 Rem
288 2106 396 2157 tentare
411 2099 516 2177 pud‘or,
534 2119 616 2178 quam
627 2103 702 2161 viros
714 2102 790 2163 ferre
801 2109 942 2160 recusent.

123 2185 185 2247 too
207 2181 347 2241 Sedulitas
359 2191 467 2259 autem,
484 2184 569 2244 stulte
581 2204 664 2264 quem
675 2185 779 2264 diligit,
796 2193 889 2261 urget,

205 2264 359 2344 Praecipue
372 2282 434 2327 cum
445 2286 478 2327 se
488 2272 610 2329 numeris
622 2269 796 2330 commendat
808 2276 836 2328 et
846 2276 921 2327 arte:

205 2349 296 2409 Discit
308 2352 380 2409 euim
392 2353 474 2411 citius
485 2356 665 2433 meminitque
675 2354 806 2413 libentius
816 2350 896 2427 illud,

207 2432 291 2506 Quod
302 2435 365 2512 quis
377 2433 502 2511 deridet,
521 2456 603 2515 quam
615 2437 691 2517 qnod
702 2437 803 2515 probat
815 2444 843 2497 et
854 2445 1014 2495 veneratur.

205 2516 252 2576 llil
263 2531 359 2577 moror
371 2518 510 2595 officium,
529 2521 605 2600 quod
615 2541 660 2581 me
671 2531 782 2600 gravat,
799 2510 938 2598 ac'neque
950 2520 1015 2580 licto

122 2598 182 2665 265
205 2598 236 2659 ln
250 2600 332 2678 peius
342 2601 420 2660 vultu
432 2607 552 2681 proponi
564 2623 793 2685 cereuspusquam

184 2698 186 2703 ·
203 2682 265 2742 Nec
277 2700 361 2761 prave
372 2684 454 2746 iactis
465 2687 733 2751 decorariversibus
745 2698 825 2767 opto,

101 2848 105 2861 Ι
203 2764 247 2826 Ne
257 2767 371 2828 rubeam
380 2771 479 2848 pingui
495 2771 611 2833 donatus
622 2793 754 2849 munere,
772 2782 801 2832 et
812 2789 867 2832 una

205 2847 274 2910 Cum
286 2853 426 2928 scriptore
437 2872 502 2914 meo
515 2874 600 2936 capsa
613 2866 760 2935 porrectus
772 2865 868 2935 aperta
902 2900 906 2915 .

203 2932 322 2994 Deferat
332 2937 360 2995 in
371 2939 465 2998 vicum
475 2940 642 3002 vendentem
651 2944 715 3009 thus
728 2950 757 3000 et
767 2940 872 3000 odores

121 3016 182 3081 tto
202 3014 239 3078 llt
253 3020 336 3097 piper
351 3028 381 3079 et
395 3022 530 3102 quidquid
543 3026 646 3087 chartis
657 3027 784 3086 amicitur
793 3023 908 3100 ineptis.

523 3243 670 3252 Μ

77 3462 287 3639 A
