2266 3878
103 291 224 371 [siaa]
499 293 608 355 LIBER
619 294 656 355 11.

101 429 296 523 Quaecunque
305 444 451 505 immundis
463 445 573 506 fervent
585 447 667 507 allata
681 449 805 525 popinis.

98 524 146 588 list
160 544 270 606 operae
282 530 402 606 pretium
414 529 535 607 dupiieis
547 547 720 607 pernoscere
732 533 800 592 iuris

96 609 237 672 Naturam.
261 611 418 690 Simplexe
435 612 511 673 dulei
523 623 634 674 eonstat
646 614 733 690 alive,

96 693 180 768 Quod
191 696 290 773 pingui
301 697 423 755 miseere
434 715 512 756 mero
522 700 668 777 muriaque
679 698 794 759 deeebit
1023 702 1062 764 65

94 777 157 840 Non
169 779 241 856 alia,
257 793 341 858 quam
353 797 406 857 qua
417 778 552 858 Byzantia
562 783 654 860 putuit
664 798 741 842 orea.

91 861 155 924 flue
166 863 217 922 nbi
228 863 377 924 confusum
388 867 475 924 sectis
486 865 619 926 inferbuit
630 865 726 927 herbis

92 945 279 1026 (tarpeioque
290 963 378 1007 eroeo
390 966 519 1025 sparsum
530 952 622 1027 stetit,
637 950 755 1027 insuper
764 948 851 1011 addes
886 1019 888 1023 ,

89 1028 195 1092 Pressa
205 1028 383 1091 Venafranae
394 1032 472 1111 quod
482 1034 571 1094 baeea
584 1035 693 1094 remisit
708 1032 811 1094 olivae.

89 1114 206 1175 Picenis
218 1113 321 1176 eadunt
333 1118 426 1193 pomis
439 1114 564 1177 Tiburtia
575 1134 659 1177 sueo:

88 1197 162 1261 Nam
173 1200 250 1259 faeie
260 1207 412 1277 praestant.
435 1199 580 1261 Vennenla
595 1200 817 1271 convenit-ellim

87 1282 211 1345 Rectius
221 1281 357 1344 Albanam
368 1283 445 1343 inno
458 1283 602 1344 duraveris
616 1302 708 1344 uvam.

87 1365 169 1428 Hane
181 1381 238 1446 ego
251 1385 315 1427 eum
325 1367 422 1443 malis,
438 1385 494 1446 ege
506 1368 617 1443 iaeeem
628 1370 734 1445 primus
747 1378 777 1429 et
789 1367 882 1446 halae,

88 1449 199 1510 Primus
212 1458 241 1511 et
252 1453 381 1512 invenior
391 1453 474 1528 piper
488 1451 582 1511 album
593 1470 657 1511 eum
671 1451 731 1511 sale
743 1453 827 1530 nigro

88 1533 232 1595 [neretum
243 1536 321 1613 puris
337 1537 578 1614 eireumpesuisse
589 1534 702 1596 eatillis.

88 1609 213 1680 immane
228 1620 398 1696 astuitium,
414 1619 481 1680 dare
491 1619 578 1680 millia
592 1629 671 1679 terna
682 1617 811 1679 maeelle.

88 1702 279 1782 Anguemque
289 1720 380 1782 rages
392 1706 490 1781 pisees
503 1722 607 1781 urgere
619 1705 722 1763 eatino.

88 1785 192 1865 Magna
202 1795 301 1847 movet
310 1789 457 1847 stemaeho
469 1787 590 1864 fastidia,
603 1806 655 1847 sen
669 1789 849 1864 pnerunetis

90 1866 360 1931 Traetaritealiesm
372 1872 519 1948 manibus,
533 1870 812 1948 dumiurtaligurrit,
900 1924 902 1931 .

89 1954 157 2015 Sive
167 1955 365 2033 gravisvetnri
378 1963 503 2037 craterae
515 1955 597 2016 lImns
610 1956 747 2016 adhaesit.

87 2038 198 2099 vitinus
209 2041 239 2098 in
249 2040 364 2117 saepis,
385 2041 414 2098 in
426 2041 552 2118 mappis,
569 2042 598 2101 in
612 2040 701 2101 seobe
717 2047 837 2117 quantus

89 2121 227 2183 Consistit
240 2119 369 2182 sumtus?
380 2121 407 2182 N
408 2122 544 2201 egleetis‚
558 2124 693 2201 flagitium
703 2126 814 2201 ingens.

88 2205 156 2266 'ien'
171 2204 282 2284 lapides
292 2209 388 2266 varios
398 2204 534 2288 lutulenta
545 2207 645 2267 radere
658 2206 750 2284 palma

87 2287 123 2350 Et
133 2287 234 2365 Tyrias
245 2287 313 2350 dare
322 2292 430 2350 'eireum
441 2288 520 2351 illata
531 2290 630 2350 toralia
641 2298 749 2364 restes,

88 2372 228 2448 oblitum,
242 2383 345 2452 quanto
360 2392 453 2434 euram
467 2383 644 2452 sumtumque
655 2374 791 2433 minorem

86 2455 164 2518 Haee
174 2457 312 2534 habeant,
324 2467 402 2518 tante
413 2458 584 2536 reprehendi
596 2459 697 2517 iustius
708 2455 776 2530 illis,

88 2539 167 2614 Quae
179 2542 236 2601 nisi
248 2540 381 2602 divitibus
397 2552 539 2621 nequeant
550 2542 716 2619 eentingere
726 2535 851 2600 mensis?

86 2622 191 2687 Heras.
203 2625 298 2686 Doete
306 2624 379 2703 Cati,
387 2643 440 2705 per
449 2628 598 2686 amicitiam
609 2624 749 2703 divesque
757 2631 884 2701 regatus,

85 2706 199 2768 [iuuere
209 2709 407 2787 mauditum,
421 2726 526 2789 perges
539 2725 720 2788 quoeunque,
733 2714 884 2768 memento.

85 2789 295 2872 Nam-quumvis
306 2796 423 2854 memori
436 2794 546 2854 referas
561 2793 628 2853 mihi
640 2801 759 2871 pectere
772 2799 883 2868 ennete,
1010 2794 1051 2859 90

84 2873 149 2937 iton
159 2885 254 2938 tamen
263 2879 403 2956 interpres
414 2876 575 2938 tantundem
586 2878 702 2958 iuveris=
724 2875 805 2938 nune

84 2957 890 3041 Vultumhabitumqueheminis‚quemtnridissebeatus
1004 2987 1011 3002 ι

84 3040 147 3105 Non
157 3047 252 3124 magni
264 3046 380 3126 pendis,
396 3047 462 3124 quia
474 3048 607 3125 contigit3
618 3046 723 3107 atmihi
735 3063 803 3106 eura

85 3125 147 3187 Non
158 3129 313 3191 mediocris
325 3132 416 3206 inest,
429 3131 524 3190 fontes
536 3139 567 3191 nt
577 3130 654 3191 adire
664 3139 790 3191 remotos

84 3209 304 3309 Atqnehaurire
316 3217 502 3295 queamsitae
514 3215 789 3294 praeeeptabeatae.
951 3166 955 3175 ¹
1008 3216 1047 3277 95

501 3375 643 3384 ---—---
