2266 3878
62 286 124 363 ‚nr
375 282 538 345 moran.

59 435 143 496 discit
155 445 184 496 et
196 435 250 495 hos
262 445 322 496 arto
335 439 438 514 stipata
449 438 558 497 theatro

60 530 85 582 nt
96 521 186 580 Roma
200 529 316 598 potens,
329 520 414 581 hahet
424 521 477 580 hos
488 529 671 600 numeratque
683 529 783 600 poetas

60 615 151 665 atrurn
162 614 273 682 tempus
286 604 346 664 hiri
359 606 506 682 seripturis
522 606 556 666 ab
569 622 650 665 aevo.

60 708 110 749 nm
120 687 223 767 vulgus
234 698 341 749 neotum
352 688 442 758 videt3
455 697 499 749 est
510 689 557 749 uhi
569 699 677 767 peeoat
699 735 703 744 .

60 792 124 832 eres
136 775 174 833 ita
186 773 300 832 miratur
309 772 459 851 laudatque
470 780 584 850 poetas,

61 857 85 917 ril
97 857 252 933 anteferat,
268 857 336 917 nihil
350 856 405 917 illis
418 865 578 937 comparet:
591 865 679 925 errut;

61 940 150 1001 tedam
160 941 242 1001 nimis
254 943 384 1019 antique,
401 942 425 1001 si
438 939 574 1020 pleraque
584 939 656 1001 dure

61 1043 72 1084 e
85 1024 175 1086 credit
185 1042 256 1102 eos,
273 1027 375 1102 ignave
387 1025 472 1086 multa
484 1024 600 1086 latetur:

61 1111 91 1169 ›it
103 1118 131 1168 et
141 1128 251 1169 meeum
263 1109 331 1170 faoit
342 1118 370 1171 et
380 1107 450 1170 love
462 1108 567 1170 iudioat
576 1124 681 1188 aequo.

62 1192 174 1271 quidem
185 1195 311 1254 insector
322 1192 500 1272 delendaque
512 1194 634 1254 camnine
644 1191 704 1253 Liri

62 1294 134 1353 eor,
148 1279 260 1338 memini
271 1295 344 1357 quae
357 1276 505 1355 plagosum
516 1277 583 1336 mihi
597 1294 684 1356 parvo

62 1380 104 1420 orn
116 1359 237 1431 dietare;
253 1360 304 1421 sed
317 1360 462 1421 emendata
473 1359 563 1420 videri

62 1463 142 1524 eaque
154 1454 182 1506 et
194 1447 301 1506 exaetis
312 1446 453 1505 minimum
465 1443 594 1505 distantia
606 1445 702 1506 miror.

62 1547 127 1608 quae
136 1531 253 1590 verbum
265 1530 379 1590 emicuit
392 1530 417 1589 si
428 1527 503 1590 forte
514 1526 649 1588 decorum
662 1538 692 1590 et

62 1631 108 1673 sus
120 1613 215 1691 paullo
227 1614 392 1674 ooneinnior
402 1630 473 1673 unus
484 1622 514 1673 et
524 1610 610 1674 alter:

62 1716 72 1757 r
86 1705 174 1758 totum
186 1698 262 1758 dueit
271 1697 423 1776 venditque
438 1703 551 1775 poema.

63 1799 101 1841 ror
111 1782 261 1861 quidquam
271 1780 458 1860 reprehendi,
473 1798 530 1841 non
542 1782 607 1859 quia
619 1796 715 1840 erasse

63 1867 161 1925 ositum
172 1865 325 1944 illepideve
335 1874 462 1946 putetur,
477 1864 529 1925 sed
540 1866 605 1943 quia
615 1881 716 1942 nuper,

63 1951 153 2011 eniam
164 1951 304 2028 antiquis,
319 1949 371 2010 sed
382 1951 519 2011 honorem
531 1958 560 2010 et
570 1948 694 2027 praemia
706 1949 797 2026 porei.

70 2051 161 2093 neone
175 2050 288 2094 orooum
299 2034 443 2114 doresque
458 2032 633 2113 perambulet
643 2031 727 2094 Attae

63 2120 109 2177 asi
122 2116 261 2194 dubitem,
282 2119 401 2179 clament
414 2121 537 2197 periisse
552 2119 688 2196 pudorem

63 2203 68 2260 i
81 2219 173 2280 paene
187 2212 299 2279 patres,
316 2220 350 2262 ea
362 2221 426 2262 eum
436 2202 647 2280 reprehendere
658 2216 757 2275 coner,
877 2250 883 2261 ,

64 2287 156 2363 gravis
167 2286 318 2365 Aesopus,
333 2304 406 2365 quae
418 2285 519 2346 doetus
530 2285 653 2345 Roscius
666 2286 740 2360 egit:
822 2322 825 2327 -

64 2371 97 2428 ria
108 2369 147 2428 nil
158 2379 280 2446 rectum,
293 2372 347 2431 nisi
360 2369 436 2449 quod
448 2368 554 2450 placuit
564 2370 637 2445 sihi,
651 2367 765 2443 ducunt,

64 2454 96 2513 ria
107 2461 189 2531 turpe
202 2463 299 2532 putant
308 2466 410 2533 parere
421 2454 591 2529 minorihus,
605 2461 633 2512 et
645 2468 717 2530 quae

64 2537 113 2596 hes
127 2537 270 2616 didioere,
283 2557 369 2601 senes
381 2537 526 2618 perdenda
537 2537 632 2598 lateri.

64 2619 147 2681 aliare
158 2620 264 2682 Numae
277 2640 389 2685 carmen
400 2625 448 2702 qui
459 2621 553 2683 laudat
565 2629 594 2681 et
605 2619 683 2696 illud,

65 2723 171 2764 mecum
183 2708 310 2784 ignorat,
327 2706 406 2767 solus
417 2707 477 2769 vult
488 2708 563 2766 seire
577 2704 678 2782 rideri,

65 2789 92 2847 ia
105 2805 162 2848 non
174 2789 223 2849 ille
233 2790 310 2851 lavet
320 2790 484 2870 plauditque
495 2788 627 2869 sepultis,

65 2893 70 2931 ι
82 2873 133 2933 sed
142 2876 303 2952 impugnat,
318 2893 371 2935 nos
382 2884 535 2954 nostraque
546 2872 649 2934 lividus
661 2871 729 2934 odit.
790 2881 791 2885 ’

64 2959 88 3018 si
99 2966 156 3018 tam
168 2956 285 3020 Graeois
296 2962 406 3020 novitas
417 2961 507 3020 invisa
519 2959 621 3019 luisset
746 2996 751 3004 ·

71 3042 172 3120 nohis,
188 3042 254 3122 quid
266 3062 338 3104 nune
350 3054 428 3105 esset
438 3041 542 3106 retusi
555 3052 603 3104 aut
614 3041 682 3122 quid
694 3041 821 3115 haberet,

65 3125 174 3204 legeret
184 3136 346 3207 tereretque
356 3130 459 3189 viritim
471 3127 602 3208 puhlious
612 3124 702 3187 usus?

66 3230 134 3270 murn
149 3213 249 3289 positis
261 3216 358 3291 nugari
371 3212 489 3289 Graecia
500 3213 584 3276 hellis
666 3259 673 3273 .

66 3304 112 3355 tet
122 3297 151 3354 in
161 3298 257 3357 uitium
268 3297 378 3359 fortuna
389 3296 478 3360 labier
488 3315 588 3376 aequa,

66 3379 227 3440 athletarum
241 3380 341 3440 studiis
352 3400 425 3441 nuno
435 3383 503 3442 arsit
514 3395 660 3458 equorum,
