2266 3878
479 275 679 337 CARMINUM
795 264 799 273 ’
847 283 931 350 x[on.
946 279 987 334 14.

472 461 569 516 oms
583 461 680 516 xw.

407 569 452 622 AD
470 569 744 623 REMPUBLICAM.

246 679 269 740 0
285 680 375 754 navis,
390 680 517 740 referent
530 683 558 739 in
571 697 647 738 mare
663 681 772 739 tenori

242 763 372 824 Fluctus!
394 761 498 841 anid
510 760 594 841 egis?
614 762 738 823 Fortiter
753 780 862 849 occupa

298 846 425 908 Portum!
441 847 542 911 Nonne
553 846 676 926 vidfflpt

348 929 460 990 Nudum
476 932 596 1006 remigio
609 929 681 989 latus

246 1083 283 1144 Et
292 1082 381 1143 malus
400 1080 488 1140 celeri
502 1083 615 1142 sancius
629 1081 727 1141 Alnieo

246 1165 449 1243 Antennneque
460 1174 583 1245 gennem,
601 1184 635 1226 ao
648 1168 708 1225 sine
719 1165 832 1225 lunibus
888 1186 894 1195 ·

292 1248 348 1309 vn
359 1247 459 1308 durare
471 1250 581 1308 carinae

350 1330 462 1414 Possint
473 1333 654 1411 imperiosius
727 1380 730 1389 ,

244 1482 381 1564 sequor?
406 1483 470 1545 Non
482 1486 533 1546 tibi
544 1495 608 1546 sunt
622 1487 843 1564 integralintsn,
946 1492 951 1508 ¹

245 1568 358 1645 Nonii,
372 1585 445 1649 quos
460 1570 561 1631 iterum
573 1587 672 1647 pressa
687 1589 777 1632 voees
791 1568 876 1629 rnslo.

296 1653 431 1728 Quamvis
442 1652 558 1714 Pontica
569 1657 662 1731 pinus,

352 1736 448 1798 Silvae
463 1737 519 1797 lilia
533 1737 648 1813 nobilis,

245 1888 339 1949 lantes
353 1897 382 1949 et
396 1906 488 1966 genus
499 1894 529 1946 et
539 1903 642 1947 nomen
652 1887 763 1956 inutile;

246 1970 294 2032 llil
304 1972 390 2048 pictis
402 1970 515 2030 timidus
527 1972 619 2030 navita
630 1971 773 2048 puppibus

298 2053 382 2114 Fidit.
416 2053 469 2130 Tu,
479 2056 533 2114 nisi
546 2055 639 2113 ventis

289 2218 293 2227 ⁸
348 2136 447 2199 Debes
459 2137 618 2213 ludibrium,
633 2154 712 2197 seve.

246 2292 346 2371 Nuper
355 2290 506 2352 sollicitum
517 2305 590 2368 quae
602 2289 670 2349 mihi
680 2280 813 2366 tundirin,

247 2375 328 2437 Nune
343 2373 514 2434 desiderium
529 2391 653 2451 curaque
668 2390 725 2433 non
736 2372 819 2451 levis,

299 2458 440 2534 Inte-rim
456 2459 578 2517 nitentes

26 2512 31 2519 Ι
99 2546 140 2609 20
353 2541 433 2602 Vites
445 2559 569 2631 aequore
585 2539 734 2619 Cycladas.

485 2879 585 2935 ΟΜ
603 2877 680 2932 XV.

211 2986 325 3041 NEREI
338 2983 560 3038 VATICINIUM
574 2984 623 3036 ΒΕ
637 2982 790 3036 EXCIDIO
803 2985 950 3042 Turrim.

224 3097 325 3158 Pastor
336 3115 400 3157 turn
409 3096 534 3158 traheret
546 3113 598 3174 per
612 3095 684 3155 irets
695 3095 813 3157 navibus

225 3182 320 3244 idaeis
330 3179 458 3241 Helenen
473 3180 597 3257 periidus
609 3180 763 3257 hospitem

225 3267 339 3347 Ingrato
357 3263 469 3325 celeres
481 3264 575 3323 obruit
590 3266 649 3324 otio

301 3350 420 3426 Ventos,
432 3357 463 3408 ut
475 3357 589 3409 caneret
603 3349 663 3410 lern
