2266 3878
72 263 202 344 [susa]
469 266 612 328 umuau.
707 241 729 327 I
847 220 867 246 χ’
942 270 1002 335 145

128 417 170 480 Ne
186 419 290 478 nummi
301 427 418 497 pereant
427 428 474 478 aut
488 437 564 497 pyga
575 429 622 479 aut
632 419 754 500 denique
769 421 850 482 iama.

127 500 270 578 Deprendi
284 503 416 561 miserum
428 511 490 561 est:
511 501 599 563 Fabio
612 502 660 562 vel
675 504 768 564 iudice
779 508 895 566 vineam.

386 865 572 923 SA'HBA
586 866 661 924 111.

125 993 258 1054 Omnibus
273 991 329 1052 hoe
338 993 436 1051 vitium
449 1002 493 1051 est
506 995 681 1071 cantoribus,
698 996 770 1054 iuter
780 997 886 1056 amieos

122 1077 158 1138 Ut
170 1093 312 1155 uunquam
325 1074 587 1136 inducantanimum
602 1086 713 1137 eantare
727 1081 830 1156 rogati,

122 1159 224 1221 luiussi
238 1177 378 1237 uunquam
393 1156 538 1219 desistant.
568 1160 672 1220 Sardus
686 1160 807 1221 habebat

123 1242 173 1304 Ille
185 1241 325 1321 Tigellius
334 1243 405 1303 hoc:
421 1239 541 1318 Caesar,
555 1245 602 1321 qui
616 1259 723 1321 eogere
735 1254 846 1322 posset,

123 1327 152 1387 Si
164 1333 278 1406 peteret
289 1342 340 1405 per
349 1326 503 1385 'amicitiam
518 1327 605 1403 putris
620 1335 704 1405 atque
717 1345 811 1405 suam,
823 1345 880 1389 uos
977 1332 996 1396 5

124 1408 281 1490 Quidquam
298 1409 462 1488 proieeret;
477 1411 502 1468 si
517 1409 712 1486 collibuisset,
724 1411 759 1471 ab
775 1427 830 1470 evo

122 1493 219 1572 Usque
235 1492 270 1553 ad
283 1492 355 1552 mala
367 1494 465 1552 uitaret
479 1491 535 1568 „lo
548 1492 660 1552 Bacche
668 1492 700 1552 !“
710 1493 794 1554 modo
808 1513 913 1557 summa

122 1577 213 1654 Voss,
224 1576 310 1636 modo
321 1577 384 1652 hau,
396 1584 511 1635 resonat
520 1593 592 1654 quae
602 1576 714 1635 chordis
725 1579 912 1655 quatuorima.
937 1637 941 1647 ,

122 1657 167 1721 Nil
179 1658 299 1739 aequale
310 1659 415 1719 homiui
426 1659 478 1718 fuit
489 1659 542 1718 ilii:
558 1677 645 1736 saepe
660 1659 738 1718 velut
749 1661 797 1737 qui

124 1743 260 1805 Curr'ehat
272 1743 384 1821 fugiens
398 1743 522 1818 hostem,
538 1760 677 1821 persaepe
690 1742 769 1803 velut
782 1745 838 1821 qui¹
956 1750 996 1812 10

122 1825 237 1888 lunonis
253 1844 334 1888 saera
344 1826 445 1896 iemet;
460 1827 580 1886 hahebat
592 1844 679 1904 saepe
692 1826 840 1903 ducentos,
904 1863 908 1867 -

122 1911 215 1990 Saepe
226 1907 327 1970 desem
335 1909 545 1976 servos3modo
556 1927 641 1987 reges
650 1919 734 1988 atque
745 1912 910 1988 tetrarchas,
977 1898 984 1916 ’

122 1994 220 2055 Omnia
241 2011 358 2072 magua,
381 1992 517 2071 loquens,
544 1993 627 2053 modo
647 1994 720 2069 „Sit
734 1995 799 2053 mihi
816 2013 913 2057 mensa

666 2080 701 2136 tri
724 2096 756 2136 es
768 2086 796 2136 et

121 2150 261 2239 „Concha
275 2159 341 2221 salis
357 2162 419 2240 puri
431 2170 459 2220 et
469 2171 547 2238 tuga,
560 2178 633 2240 quae
645 2095 798 2220 defeffiders
809 2160 910 2238 frigus,

121 2244 279 2321 „Quamvis
291 2261 397 2321 crassa,
411 2248 529 2323 queat.“
540 2244 646 2304 Decies
659 2253 774 2303 eeutsua
786 2243 915 2304 dedisses
954 2247 993 2309 15

119 2304 191 2389 iluie
205 2344 292 2407 pareo
308 2330 405 2406 paucis
421 2337 566 2388 contento:
579 2329 702 2406 quinque
718 2326 817 2385 diebus
1076 2332 1079 2339 '

107 2411 167 2472 itii
177 2420 238 2474 erat
252 2411 403 2472 inlocalis.
426 2411 533 2471 Noctes
550 2411 684 2488 vigilabat
696 2409 833 2495 adipsum

120 2495 217 2574 ilaue,
234 2494 309 2555 diem
323 2503 411 2555 totum
427 2495 570 2555 stertebat.
593 2492 640 2553 Nil
653 2493 835 2570 iuituuquam

121 2580 167 2639 Sic
178 2581 269 2658 impar
279 2580 385 2657 sihi-
396 2577 477 2637 Nune
489 2577 589 2656 aliquis
600 2576 674 2636 dieat
685 2576 751 2635 mihi
762 2573 861 2652 „Quid
871 2573 930 2637 tui·

120 2662 264 2739 „Nullane
286 2662 374 2722 habes
396 2658 505 2722 vitia?“
534 2659 620 2720 lmmo
646 2659 716 2734 alia,
739 2668 768 2718 et
788 2658 910 2721 fortasse
953 2664 994 2727 20

194 2779 197 2784 -
679 2759 794 2802 minora.

119 2828 246 2891 Maeuius
256 2824 529 2891 abseutemNovium
538 2846 600 2887 eum
608 2835 747 2903 carperet,
757 2825 857 2902 „Heus
865 2829 931 2903 tu‚“

120 2911 239 2986 Quidam
253 2915 292 2973 ait
306 2914 444 2990 „ignoras
456 2921 496 2988 te,
510 2930 544 2972 an
556 2921 586 2970 ut
597 2912 722 2988 ignotum
737 2909 802 2970 dare
813 2911 895 2971 nobis

119 2995 212 3057 Verba
222 2992 555 3075 putasi“-„Egomet
564 2997 601 3054 mi
612 2997 756 3071 iguesuo“
766 2992 893 3054 Maeuius

696 3079 724 3137 iu
763 3079 794 3140 it.

121 3163 226 3224 Stultus
239 3171 268 3223 et
282 3164 426 3242 improbus
440 3163 488 3226 hie
500 3181 578 3224 amor
588 3172 633 3223 est
643 3096 800 3239 diguuggue
811 3163 909 3221 notam.
1075 3223 1085 3240 ,

121 3245 248 3308 sumtus
259 3245 408 3326 pervideas
420 3247 510 3309 oeulis
520 3246 591 3307 mala
600 3245 696 3324 lippus
707 3246 841 3304 insuetis:
952 3246 990 3309 25
1038 3262 1048 3269 ·

122 3329 177 3390 Cur
186 3332 216 3391 iu
230 3332 381 3392 amisorum
391 3330 467 3392 vitiis
478 3340 533 3392 tam
544 3333 636 3389 semis
650 3337 770 3402 acutum,

74 3401 221 3464 assumes.
818 3415 853 3467 10

988 3538 1095 3681 xl
