2266 3878
96 276 196 356 [spese.
209 276 247 351 a]
463 272 573 334 amun
583 272 620 334 ιι.

95 425 244 487 Intervalla
254 425 335 486 vides
350 427 467 486 humane
481 427 634 486 commoda.
656 426 760 484 Verum

94 501 184 572 Purao
196 519 259 570 sunt
270 510 398 587 plateae,
414 509 482 569 nihil
493 520 523 569 ut
533 510 729 569 meditantibus
742 508 857 570 obstet?

94 594 221 656 Festinat
233 593 338 663 calidus
354 593 435 653 mulis
446 594 611 671 gerulisque
621 593 772 670 redemtor,

94 677 220 756 Torquet
231 695 304 738 nunc
315 676 435 754 lapidem
446 694 519 737 nunc
531 679 629 754 ingens
643 678 770 736 machina
782 679 900 755 tignum,

95 761 195 822 'lbistia
206 761 330 821 robustis
341 761 479 821 luctantur
488 760 586 821 lunera
599 761 741 838 plaustris,

94 845 154 906 llac
163 845 276 906 rabiosa
287 845 359 922 iugit
367 846 461 920 canis,
474 844 527 904 hac
538 844 672 904 lutulenta
681 846 737 903 ruit
747 862 811 904 sus:

94 929 107 989 l
118 947 192 989 nuuc
204 938 233 989 ct
242 946 343 988 versus
355 937 447 988 tecum
458 928 593 988 meditare
605 945 735 988 canoros.

95 1014 269 1090 Scriptorum
280 1013 382 1071 chorus
395 1014 485 1073 omnis
497 1021 568 1072 amat
578 1030 675 1074 nemus
687 1020 715 1070 et
725 1010 797 1088 fugit
808 1010 904 1089 urbes,

93 1096 159 1157 Rite
172 1096 261 1156 cliens
272 1095 375 1155 bacchi
387 1113 486 1155 somno
498 1095 645 1173 gaudentis
658 1105 687 1177 et
697 1095 806 1155 umbra:

94 1180 135 1241 Τιι
149 1199 195 1239 me
206 1182 278 1239 inter
289 1181 422 1258 strepitus
433 1188 585 1239 nocturnos
600 1189 684 1259 atquc
695 1178 809 1238 diurnos

92 1264 143 1324 Vis
160 1281 263 1324 canere
274 1273 302 1323 et
313 1272 455 1323 contracta
466 1264 548 1340 sequi
557 1265 677 1340 vestigia
688 1260 803 1322 vatum?

92 1347 253 1426 Ingenium,
262 1394 264 1399 .
274 1347 328 1407 sibi
343 1347 419 1424 quod
432 1362 536 1406 vacuas
548 1345 683 1406 desumsit
698 1345 821 1407 Athenas
887 1378 891 1383 ·

92 1431 129 1491 Et
139 1431 240 1491 studiis
250 1448 337 1491 annos
350 1440 459 1509 septem
471 1428 547 1489 dedit
561 1431 740 1507 insenuitque

92 1514 183 1575 libris
195 1523 223 1574 et
235 1517 324 1591 curis,
340 1522 430 1575 statua
441 1516 604 1573 taciturnius
619 1515 677 1571 exit

93 1598 260 1677 Plerumque
273 1607 301 1658 et
311 1600 368 1657 risu
380 1597 515 1677 populum
528 1599 630 1675 quatit:
644 1597 691 1657 hic
702 1612 759 1674 ego
769 1613 862 1654 rerum

92 1682 237 1743 Fluctibus
248 1684 277 1742 in
287 1681 386 1741 mediis
400 1691 427 1742 et
438 1681 652 1759 tempestatibus
666 1680 743 1741 urbis

92 1767 186 1826 Verba
196 1764 276 1845 lyrae
286 1775 393 1826 motura
405 1783 503 1824 sonum
515 1774 686 1826 connectere
698 1759 816 1841 digner?

91 1850 191 1911 Frater
202 1858 261 1910 crat
270 1848 378 1909 Romae
391 1848 510 1909 consulti
522 1850 634 1924 rhetor,
651 1856 681 1907 ut
693 1847 763 1907 alter

92 1934 217 1994 Alterius
228 1950 358 1993 sennone
369 1950 463 1993 meros
479 1933 587 1993 audiret
597 1934 732 2007 honores,

95 2016 238 2078 Gracchus
248 2018 335 2078 uthic
346 2017 386 2077 illi
399 2019 490 2093 foret,
510 2018 576 2078 huic
587 2016 737 2076 utblucius
748 2013 806 2074 ille.

94 2101 151 2175 Qui
162 2102 252 2161 minus
266 2110 382 2180 argutos
393 2111 478 2162 vexat
488 2101 566 2161 iuror
576 2103 630 2160 iste
642 2096 766 2178 poetas?

93 2184 221 2245 Carmina
236 2201 391 2262 compono,
407 2187 454 2245 hic
469 2185 580 2262 elegos.
602 2183 754 2260 „Mirabile
765 2183 828 2242 visu

92 2266 319 2347 „caelatumque
329 2286 432 2327 novem
443 2267 532 2327 blusis
544 2285 616 2344 opus
625 2267 656 2326 !“
670 2267 796 2343 Adspice
807 2267 934 2342 primam,

93 2352 204 2426 Quanto
217 2369 280 2412 cum
291 2353 379 2428 iastu',
397 2361 500 2430 quanto
512 2350 654 2410 molimine
668 2352 786 2409 circum·

93 2445 255 2515 spectemus
267 2454 383 2496 vacuam
397 2435 531 2496 Romanis
541 2434 652 2494 vatibus
664 2432 777 2499 aedem:

91 2519 159 2579 illex
171 2521 271 2595 etiam,
289 2521 313 2578 si
325 2521 398 2580 iorte
410 2537 512 2595 vacas,
533 2534 656 2598 sequere
670 2526 699 2576 et
710 2515 809 2593 procul
820 2514 893 2591 audi,
917 2519 921 2525 '
1014 2517 1053 2580 95

93 2602 168 2676 Quid
179 2603 250 2663 ierat
262 2612 290 2662 et
301 2621 388 2682 quare
405 2604 458 2663 sibi
469 2611 564 2663 uectat
574 2610 694 2681 uterque
709 2616 867 2673 coronam..

93 2685 257 2762 (laedimur,
279 2696 307 2746 et
322 2687 438 2746 totidem
449 2686 542 2764 plagis
555 2687 743 2745 consumimus
757 2684 866 2742 hostem
881 2735 883 2739 ,

91 2769 181 2830 Lento
197 2771 335 2829 Samnites
347 2770 382 2830 ad
393 2770 495 2829 lumina
506 2773 596 2846 prima
611 2768 715 2829 duello.
779 2810 782 2815 -

90 2852 218 2913 Discedo
233 2853 355 2913 Alcaeus
368 2863 471 2932 puncto
483 2853 573 2921 illius;
591 2852 640 2911 ille
650 2868 715 2912 meo
727 2847 812 2931 quis?

92 2936 181 3013 Quis,
196 2939 251 2997 nisi
263 2934 472 2997 Callimachus?
492 2939 516 2996 si
528 2937 592 3014 plus
603 2953 762 3014 apposcere
772 2937 861 3012 visus,
994 2938 1055 3000 100

90 3019 135 3080 Fit
145 3020 342 3097 Mimnermus,
356 3030 384 3080 et
397 3023 494 3098 optivo
506 3023 674 3098 cognomine
690 3021 803 3080 crescit.

89 3103 176 3165 llulta
187 3104 268 3181 fero,
286 3114 315 3164 ut
325 3105 435 3183 placem
446 3124 537 3182 genus
553 3105 686 3165 irritabile
696 3113 800 3179 ιιιιιιιιι,

90 3187 160 3248 Cum
175 3190 270 3248 scribo
286 3198 313 3249 et
325 3189 446 3267 supplex
458 3189 555 3268 populi
567 3190 698 3266 srrFmgia
711 3197 807 3265 capto;

90 3270 184 3349 ldem,
200 3272 283 3331 unius
296 3273 395 3332 studiis
409 3282 437 3333 et
448 3282 541 3333 mente
553 3282 677 3351 recepta,

91 3354 225 3416 Obturem
237 3355 345 3431 patulas
357 3358 470 3434 impune
481 3356 640 3434 legentibus
655 3370 747 3414 aures.

912 3554 916 3561 4
993 3494 1085 3642 Ι

989 3632 992 3639 ι
