2266 3878
115 285 176 351 ree
482 284 698 361 surrunuuu
956 291 1031 367 [sara

436 498 622 555 snum
638 498 745 553 v111.

136 623 140 631 ·
198 607 270 669 Olim
281 616 395 667 truncus
407 625 483 667 eram
494 607 627 683 ficulnus,
643 607 740 665 inutile
753 605 870 684 lignum,

197 691 268 753 (ium
277 691 375 767 faber,
387 693 511 750 incertus
523 709 665 750 scamnum
675 689 821 749 faceretne
832 688 974 771 Priapum,

195 774 292 835 Maluit
303 792 369 833 esse
380 772 471 832 (lenm.
494 772 574 832 Deus
585 773 650 832 inde
662 790 733 850 ego,
745 772 997 856 funerantiumque

157 890 164 917 t
194 858 314 919 Maxima
324 856 462 917 lormido:
478 876 541 916 nam
556 858 633 916 fures
645 856 741 916 cextra
753 864 873 916 coercet

153 946 173 1007 5
195 941 387 1019 Obscencque
397 940 483 1000 ruber
493 949 640 1017 porrectus
654 940 689 999 ab
701 941 815 1017 inguine
827 939 921 1019 palus,

140 1068 143 1073 .
194 1026 248 1086 Ast
257 1027 430 1104 importunas
441 1023 573 1083 volucres
586 1026 614 1083 in
629 1026 737 1082 vertice
748 1023 855 1083 arunde

194 1108 295 1170 Terret
309 1108 367 1167 lixa>
375 1116 507 1186 vetatque
525 1108 607 1167 neris
618 1107 766 1187 considere
780 1109 808 1165 in
819 1108 921 1167 hortis.

194 1193 255 1252 lluc
267 1193 345 1269 prius
356 1194 482 1268 augustis
498 1193 589 1250 eiecta
604 1190 741 1250 cadavera
752 1190 834 1249 cellis

194 1275 356 1336 conservus
367 1274 416 1333 rili
427 1274 562 1352 portanda
573 1274 685 1334 locabat
695 1276 723 1333 in
735 1291 814 1342 arca;

131 1358 171 1419 10
192 1358 255 1433 llcp
265 1360 385 1417 miserae
396 1357 473 1435 plebi
485 1359 575 1418 stabat
586 1375 732 1417 commune
743 1357 918 1435 sepulcrum,

192 1441 345 1502 Pantolabo
359 1459 474 1500 scurrae
484 1441 716 1519 Nomentanoque
726 1442 836 1518 nepoti.
930 1454 934 1459 ·

191 1524 270 1586 llille
282 1525 372 1603 pedes
386 1527 415 1585 in
424 1525 537 1599 trente,
550 1533 694 1584 trecentos
708 1526 809 1602 cippus
825 1526 855 1584 in
865 1543 964 1603 agrurn

119 1630 124 1637 ·
191 1609 245 1669 llic
256 1609 352 1683 dabat,
366 1609 487 1668 heredes
500 1599 706 1667 monumentum
716 1626 752 1667 ne
764 1618 942 1686 sequeretur.

189 1693 272 1753 Nunc
284 1692 353 1752 licet
362 1690 498 1769 Esquiliis
510 1693 634 1751 babitare
646 1690 804 1750 salubribus
815 1701 902 1771 atque

128 1778 165 1839 15
188 1777 303 1855 Aggere
315 1777 343 1834 in
354 1778 451 1854 aprico
464 1777 594 1853 spatiari,
607 1790 663 1853 qno
674 1773 758 1834 mcdc
769 1778 866 1834 tristes

188 1860 269 1920 Albis
280 1859 427 1918 informem
439 1859 603 1936 spectabant
615 1859 727 1918 ossibus
739 1876 847 1935 agrum,

190 1940 261 2004 (ium
270 1942 336 2000 mihi
347 1957 404 2001 nen
414 1940 517 2001 tantum
528 1942 662 2020 furesque
673 1942 825 2020 feraeque,
840 1948 941 2000 suetae

187 2025 268 2084 llunc
281 2042 387 2084 vexare
398 2024 509 2100 locum,
527 2043 610 2085 curae
621 2034 686 2086 sunt
699 2035 785 2104 atque
794 2024 899 2102 labori,

189 2107 328 2182 Quantum
339 2109 506 2168 carminibus
522 2127 595 2186 quae
605 2117 718 2169 versant
732 2118 817 2188 atque
831 2111 951 2170 venenis

126 2191 167 2254 20
188 2191 330 2253 Hunnnos
345 2193 462 2251 animos.
489 2191 635 2252 Hasnullc
648 2193 768 2270 perdere
782 2209 902 2270 pessum
958 2194 962 2225 ¹

187 2275 249 2336 Nec
263 2275 416 2354 probibere
425 2276 526 2352 medo,
543 2276 625 2336 simul
636 2295 669 2336 ac
679 2295 752 2354 vaga
767 2276 832 2336 luna
845 2276 981 2337 decorum

185 2359 302 2423 Protulit
318 2375 368 2435 cs,
384 2361 451 2438 quin
463 2376 529 2420 ossa
540 2359 634 2438 legant
644 2360 804 2438 herbasque
814 2369 966 2421 nocentes.

185 2442 250 2503 Vidi
264 2452 378 2522 egomet
388 2445 467 2521 nigra
479 2447 650 2502 succinctam
658 2443 764 2503 vadere
778 2443 853 2521 palla

185 2524 328 2587 Canidiam
340 2527 460 2604 pedibus
471 2527 553 2587 nudis
565 2544 707 2606 passoque
719 2527 834 2604 capillo,

123 2606 162 2667 25
185 2609 256 2670 (ium
267 2609 375 2688 Sagana
386 2612 492 2671 maiore
503 2610 669 2670 ululantem:
683 2610 922 2688 pallcrutrasque

105 2744 111 2749 .
151 2722 156 2733 1
183 2693 304 2755 Fecerat
317 2693 471 2755 horrendas
485 2694 631 2772 adspectu.
655 2694 790 2771 Scalpere
805 2703 911 2753 terrena

183 2777 330 2857 Unguibus
345 2787 373 2837 et
385 2778 488 2856 pullam
503 2778 639 2838 divellere
656 2779 798 2837 mordicus
808 2795 911 2854 agnam

184 2860 361 2939 (lcepemnt3
373 2877 458 2921 cruor
467 2865 495 2922 in
507 2861 614 2921 lessam
625 2861 776 2936 confusus,
793 2870 824 2920 ut
834 2861 901 2920 intle

182 2944 279 3005 blanes
290 2944 441 3020 elicerent,
460 2947 567 3005 animas
574 2962 711 3023 responsa
724 2945 845 3004 daturas.

66 3035 72 3045 '
120 3030 162 3091 30
182 3028 273 3089 Leuca
284 3036 315 3086 et
325 3027 438 3105 effigies
452 3037 528 3104 erat,
540 3027 628 3088 altera
640 3046 739 3088 cerea:
751 3031 840 3087 maier

180 3109 288 3186 buca,
304 3127 377 3188 quae
389 3115 490 3189 poenis
502 3121 699 3189 compesceret
711 3112 871 3171 inferiorem
878 3135 886 3180 ;

183 3192 274 3254 Ocrea
285 3193 451 3272 suppliciter
465 3195 556 3255 stabat
566 3194 731 3272 servilibus,
749 3205 779 3256 ut
790 3214 863 3274 quae

180 3275 240 3338 lem
249 3279 387 3356 peritura,
400 3279 502 3339 modis.
526 3275 652 3339 Hecaten
663 3280 860 3355 spectabere,
873 3296 989 3341 saevam

180 3360 277 3423 Altera
291 3360 479 3442 Tisiphonen:
494 3372 643 3441 serpentes
655 3373 739 3442 atque
750 3363 863 3423 videres
