<?xml version="1.0" encoding="UTF-8"?>
<!DOCTYPE html PUBLIC "-//W3C//DTD XHTML 1.0 Transitional//EN"
    "http://www.w3.org/TR/xhtml1/DTD/xhtml1-transitional.dtd">
<html xmlns="http://www.w3.org/1999/xhtml" xml:lang="en" lang="en">
 <head>
  <title>
</title>
<meta http-equiv="Content-Type" content="text/html;charset=utf-8" />
  <meta name='ocr-system' content='tesseract 3.04.00' />
  <meta name='ocr-capabilities' content='ocr_page ocr_carea ocr_par ocr_line ocrx_word'/>
</head>
<body>
  <div class='ocr_page' id='page_1' title='image "./qhoratiiflaccio00schmgoog_0106.png"; bbox 0 0 2266 3878; ppageno 0'>
   <div class='ocr_carea' id='block_1_1' title="bbox 57 282 602 363">
    <p class='ocr_par' dir='ltr' id='par_1_1' title="bbox 57 282 602 363">
     <span class='ocr_line' id='line_1_1' title="bbox 57 282 602 363; baseline 0.006 -22"><span class='ocrx_word' id='word_1_1' title='bbox 57 282 225 363; x_wconf 53' lang='lat' dir='ltr'>‚ocream</span> <span class='ocrx_word' id='word_1_2' title='bbox 428 283 538 344; x_wconf 83' lang='lat' dir='ltr'>mann</span> <span class='ocrx_word' id='word_1_3' title='bbox 552 284 602 344; x_wconf 90' lang='lat'><em>111.</em></span> 
     </span>
    </p>
   </div>
   <div class='ocr_carea' id='block_1_2' title="bbox 188 433 858 764">
    <p class='ocr_par' dir='ltr' id='par_1_2' title="bbox 188 433 858 764">
     <span class='ocr_line' id='line_1_2' title="bbox 188 433 783 512; baseline 0 -16"><span class='ocrx_word' id='word_1_4' title='bbox 188 435 302 496; x_wconf 84' lang='lat' dir='ltr'>Summo</span> <span class='ocrx_word' id='word_1_5' title='bbox 315 438 455 511; x_wconf 75' lang='lat' dir='ltr'>carmine,</span> <span class='ocrx_word' id='word_1_6' title='bbox 469 454 542 512; x_wconf 88' lang='lat' dir='ltr'>quae</span> <span class='ocrx_word' id='word_1_7' title='bbox 555 433 663 496; x_wconf 85' lang='lat' dir='ltr'>Gnidon</span> <span class='ocrx_word' id='word_1_8' title='bbox 780 466 783 473; x_wconf 92' lang='lat'><strong>·</strong></span> 
     </span>
     <span class='ocr_line' id='line_1_3' title="bbox 238 517 858 599; baseline 0.005 -21"><span class='ocrx_word' id='word_1_9' title='bbox 238 518 451 598; x_wconf 81' lang='lat' dir='ltr'>Fulgentesque</span> <span class='ocrx_word' id='word_1_10' title='bbox 464 528 540 578; x_wconf 86' lang='lat' dir='ltr'>tenet</span> <span class='ocrx_word' id='word_1_11' title='bbox 551 517 689 594; x_wconf 74' lang='lat' dir='ltr'>Cycladas</span> <span class='ocrx_word' id='word_1_12' title='bbox 704 529 732 580; x_wconf 85' lang='lat' dir='ltr'>et</span> <span class='ocrx_word' id='word_1_13' title='bbox 742 519 858 599; x_wconf 78' lang='lat' dir='ltr'>Paphon</span> 
     </span>
     <span class='ocr_line' id='line_1_4' title="bbox 188 601 530 671; baseline -0.006 -8"><span class='ocrx_word' id='word_1_14' title='bbox 188 601 293 663; x_wconf 86' lang='lat' dir='ltr'>Iunctis</span> <span class='ocrx_word' id='word_1_15' title='bbox 307 605 374 662; x_wconf 77' lang='lat' dir='ltr'>visit</span> <span class='ocrx_word' id='word_1_16' title='bbox 387 603 530 671; x_wconf 88' lang='lat' dir='ltr'>oloribus;</span> 
     </span>
     <span class='ocr_line' id='line_1_5' title="bbox 236 685 762 764; baseline 0.004 -18"><span class='ocrx_word' id='word_1_17' title='bbox 236 685 356 747; x_wconf 75' lang='lat' dir='ltr'>Dicetur</span> <span class='ocrx_word' id='word_1_18' title='bbox 366 689 464 745; x_wconf 89' lang='lat' dir='ltr'>merita</span> <span class='ocrx_word' id='word_1_19' title='bbox 476 700 533 745; x_wconf 85' lang='lat' dir='ltr'>nox</span> <span class='ocrx_word' id='word_1_20' title='bbox 545 701 660 764; x_wconf 84' lang='lat' dir='ltr'>quoqne</span> <span class='ocrx_word' id='word_1_21' title='bbox 671 690 762 748; x_wconf 82' lang='lat' dir='ltr'>nenia.</span> 
     </span>
    </p>
   </div>
   <div class='ocr_carea' id='block_1_3' title="bbox 259 1008 714 1172">
    <p class='ocr_par' dir='ltr' id='par_1_3' title="bbox 259 1008 714 1172">
     <span class='ocr_line' id='line_1_6' title="bbox 396 1008 639 1068; baseline 0.004 -1"><span class='ocrx_word' id='word_1_22' title='bbox 396 1010 496 1067; x_wconf 80' lang='lat' dir='ltr'>omn</span> <span class='ocrx_word' id='word_1_23' title='bbox 507 1008 639 1068; x_wconf 80' lang='lat' dir='ltr'><strong>xxlx.</strong></span> 
     </span>
     <span class='ocr_line' id='line_1_7' title="bbox 259 1098 714 1172; baseline 0.004 -2"><span class='ocrx_word' id='word_1_24' title='bbox 259 1143 262 1157; x_wconf 84' lang='lat'>·</span> <span class='ocrx_word' id='word_1_25' title='bbox 316 1098 369 1170; x_wconf 78' lang='lat' dir='ltr'>nd</span> <span class='ocrx_word' id='word_1_26' title='bbox 398 1118 714 1172; x_wconf 76' lang='lat' dir='ltr'><strong>MAECENATEM.</strong></span> 
     </span>
    </p>
   </div>
   <div class='ocr_carea' id='block_1_4' title="bbox 186 1227 767 1559">
    <p class='ocr_par' dir='ltr' id='par_1_4' title="bbox 188 1227 692 1308">
     <span class='ocr_line' id='line_1_8' title="bbox 188 1227 692 1308; baseline 0.002 -19"><span class='ocrx_word' id='word_1_27' title='bbox 188 1227 437 1307; x_wconf 68' lang='lat' dir='ltr'>Tyrrhenaregum</span> <span class='ocrx_word' id='word_1_28' title='bbox 453 1231 623 1308; x_wconf 83' lang='lat' dir='ltr'>progenies,</span> <span class='ocrx_word' id='word_1_29' title='bbox 641 1231 692 1290; x_wconf 89' lang='lat' dir='ltr'>tibi</span> 
     </span>
    </p>

    <p class='ocr_par' dir='ltr' id='par_1_5' title="bbox 186 1311 767 1473">
     <span class='ocr_line' id='line_1_9' title="bbox 186 1311 700 1374; baseline 0.002 -1"><span class='ocrx_word' id='word_1_30' title='bbox 186 1311 249 1373; x_wconf 86' lang='lat' dir='ltr'>Non</span> <span class='ocrx_word' id='word_1_31' title='bbox 259 1322 324 1373; x_wconf 89' lang='lat' dir='ltr'>ante</span> <span class='ocrx_word' id='word_1_32' title='bbox 335 1324 418 1372; x_wconf 83' lang='lat' dir='ltr'>verso</span> <span class='ocrx_word' id='word_1_33' title='bbox 429 1312 494 1373; x_wconf 89' lang='lat' dir='ltr'>lene</span> <span class='ocrx_word' id='word_1_34' title='bbox 506 1318 615 1372; x_wconf 83' lang='lat' dir='ltr'>merum</span> <span class='ocrx_word' id='word_1_35' title='bbox 631 1314 700 1374; x_wconf 87' lang='lat' dir='ltr'>cado</span> 
     </span>
     <span class='ocr_line' id='line_1_10' title="bbox 236 1394 767 1473; baseline 0.002 -16"><span class='ocrx_word' id='word_1_36' title='bbox 236 1394 306 1457; x_wconf 79' lang='lat' dir='ltr'>Cum</span> <span class='ocrx_word' id='word_1_37' title='bbox 315 1395 401 1473; x_wconf 85' lang='lat' dir='ltr'>dore,</span> <span class='ocrx_word' id='word_1_38' title='bbox 414 1394 581 1473; x_wconf 74' lang='lat' dir='ltr'>Maecenas,</span> <span class='ocrx_word' id='word_1_39' title='bbox 597 1412 725 1457; x_wconf 87' lang='lat' dir='ltr'>rosarum</span> <span class='ocrx_word' id='word_1_40' title='bbox 738 1407 767 1458; x_wconf 85' lang='lat' dir='ltr'>et</span> 
     </span>
    </p>

    <p class='ocr_par' dir='ltr' id='par_1_6' title="bbox 278 1478 697 1559">
     <span class='ocr_line' id='line_1_11' title="bbox 278 1478 697 1559; baseline 0.002 -20"><span class='ocrx_word' id='word_1_41' title='bbox 278 1478 380 1540; x_wconf 89' lang='lat' dir='ltr'>Pressa</span> <span class='ocrx_word' id='word_1_42' title='bbox 391 1481 446 1539; x_wconf 88' lang='lat' dir='ltr'>tois</span> <span class='ocrx_word' id='word_1_43' title='bbox 459 1479 574 1540; x_wconf 89' lang='lat' dir='ltr'>balanus</span> <span class='ocrx_word' id='word_1_44' title='bbox 588 1480 697 1559; x_wconf 86' lang='lat' dir='ltr'>capillis</span> 
     </span>
    </p>
   </div>
   <div class='ocr_carea' id='block_1_5' title="bbox 147 1602 812 1933">
    <p class='ocr_par' dir='ltr' id='par_1_7' title="bbox 147 1602 812 1933">
     <span class='ocr_line' id='line_1_12' title="bbox 187 1602 812 1685; baseline 0.003 -21"><span class='ocrx_word' id='word_1_45' title='bbox 187 1602 345 1664; x_wconf 87' lang='lat' dir='ltr'>Iamdudum</span> <span class='ocrx_word' id='word_1_46' title='bbox 356 1604 431 1683; x_wconf 89' lang='lat' dir='ltr'>apud</span> <span class='ocrx_word' id='word_1_47' title='bbox 445 1622 490 1663; x_wconf 89' lang='lat' dir='ltr'>me</span> <span class='ocrx_word' id='word_1_48' title='bbox 503 1614 561 1664; x_wconf 84' lang='lat' dir='ltr'>est:</span> <span class='ocrx_word' id='word_1_49' title='bbox 573 1607 691 1682; x_wconf 89' lang='lat' dir='ltr'>eripete</span> <span class='ocrx_word' id='word_1_50' title='bbox 706 1623 812 1685; x_wconf 85' lang='lat' dir='ltr'>morae,</span> 
     </span>
     <span class='ocr_line' id='line_1_13' title="bbox 147 1684 726 1766; baseline -0.002 -19"><span class='ocrx_word' id='word_1_51' title='bbox 147 1730 151 1740; x_wconf 47' lang='lat'><em>2</em></span> <span class='ocrx_word' id='word_1_52' title='bbox 187 1684 228 1748; x_wconf 87' lang='lat' dir='ltr'>Ne</span> <span class='ocrx_word' id='word_1_53' title='bbox 239 1705 355 1766; x_wconf 86' lang='lat' dir='ltr'>semper</span> <span class='ocrx_word' id='word_1_54' title='bbox 367 1688 452 1747; x_wconf 88' lang='lat' dir='ltr'>ndum</span> <span class='ocrx_word' id='word_1_55' title='bbox 463 1687 549 1746; x_wconf 83' lang='lat' dir='ltr'>Tibur</span> <span class='ocrx_word' id='word_1_56' title='bbox 560 1697 589 1747; x_wconf 84' lang='lat' dir='ltr'>et</span> <span class='ocrx_word' id='word_1_57' title='bbox 602 1687 726 1747; x_wconf 79' lang='lat' dir='ltr'>Accolae</span> 
     </span>
     <span class='ocr_line' id='line_1_14' title="bbox 234 1770 719 1849; baseline -0.004 -17"><span class='ocrx_word' id='word_1_58' title='bbox 234 1770 355 1832; x_wconf 87' lang='lat' dir='ltr'>Declivc</span> <span class='ocrx_word' id='word_1_59' title='bbox 371 1770 571 1849; x_wconf 89' lang='lat' dir='ltr'>contempleris</span> <span class='ocrx_word' id='word_1_60' title='bbox 582 1790 677 1831; x_wconf 81' lang='lat' dir='ltr'>arvum</span> <span class='ocrx_word' id='word_1_61' title='bbox 690 1780 719 1831; x_wconf 84' lang='lat' dir='ltr'>et</span> 
     </span>
     <span class='ocr_line' id='line_1_15' title="bbox 278 1853 675 1933; baseline 0 -19"><span class='ocrx_word' id='word_1_62' title='bbox 278 1853 416 1933; x_wconf 74' lang='lat' dir='ltr'>Telegoni</span> <span class='ocrx_word' id='word_1_63' title='bbox 428 1858 494 1933; x_wconf 77' lang='lat' dir='ltr'>luga</span> <span class='ocrx_word' id='word_1_64' title='bbox 509 1855 675 1933; x_wconf 90' lang='lat' dir='ltr'>parricidae.</span> 
     </span>
    </p>
   </div>
   <div class='ocr_carea' id='block_1_6' title="bbox 65 1985 863 2318">
    <p class='ocr_par' dir='ltr' id='par_1_8' title="bbox 65 1985 863 2318">
     <span class='ocr_line' id='line_1_16' title="bbox 187 1985 650 2066; baseline 0.004 -20"><span class='ocrx_word' id='word_1_65' title='bbox 187 1985 372 2048; x_wconf 76' lang='lat' dir='ltr'>Fastidiosam</span> <span class='ocrx_word' id='word_1_66' title='bbox 383 1989 486 2048; x_wconf 88' lang='lat' dir='ltr'>desere</span> <span class='ocrx_word' id='word_1_67' title='bbox 498 1991 610 2066; x_wconf 89' lang='lat' dir='ltr'>copiam</span> <span class='ocrx_word' id='word_1_68' title='bbox 622 1998 650 2048; x_wconf 87' lang='lat' dir='ltr'>et</span> 
     </span>
     <span class='ocr_line' id='line_1_17' title="bbox 65 2067 739 2150; baseline 0.001 -20"><span class='ocrx_word' id='word_1_69' title='bbox 65 2071 68 2075; x_wconf 78' lang='grc'><em>’</em></span> <span class='ocrx_word' id='word_1_70' title='bbox 187 2067 291 2131; x_wconf 83' lang='lat' dir='ltr'>llolem</span> <span class='ocrx_word' id='word_1_71' title='bbox 305 2075 491 2150; x_wconf 89' lang='lat' dir='ltr'>propinquam</span> <span class='ocrx_word' id='word_1_72' title='bbox 501 2074 622 2133; x_wconf 88' lang='lat' dir='ltr'>nubibus</span> <span class='ocrx_word' id='word_1_73' title='bbox 633 2072 739 2149; x_wconf 85' lang='lat' dir='ltr'>arduis,</span> 
     </span>
     <span class='ocr_line' id='line_1_18' title="bbox 238 2153 561 2216; baseline 0.003 -1"><span class='ocrx_word' id='word_1_74' title='bbox 238 2153 342 2215; x_wconf 85' lang='lat' dir='ltr'>Omitte</span> <span class='ocrx_word' id='word_1_75' title='bbox 353 2157 446 2215; x_wconf 91' lang='lat' dir='ltr'>mirari</span> <span class='ocrx_word' id='word_1_76' title='bbox 459 2157 561 2216; x_wconf 72' lang='lat' dir='ltr'>licetne</span> 
     </span>
     <span class='ocr_line' id='line_1_19' title="bbox 276 2237 863 2318; baseline 0 -20"><span class='ocrx_word' id='word_1_77' title='bbox 276 2237 394 2299; x_wconf 72' lang='lat' dir='ltr'>Fumone</span> <span class='ocrx_word' id='word_1_78' title='bbox 406 2248 434 2299; x_wconf 89' lang='lat' dir='ltr'>et</span> <span class='ocrx_word' id='word_1_79' title='bbox 446 2256 518 2318; x_wconf 90' lang='lat' dir='ltr'>opes</span> <span class='ocrx_word' id='word_1_80' title='bbox 529 2242 734 2318; x_wconf 75' lang='lat' dir='ltr'>strepitumque</span> <span class='ocrx_word' id='word_1_81' title='bbox 745 2239 863 2299; x_wconf 86' lang='lat' dir='ltr'>Romae.</span> 
     </span>
    </p>
   </div>
   <div class='ocr_carea' id='block_1_7' title="bbox 187 2358 765 2693">
    <p class='ocr_par' dir='ltr' id='par_1_9' title="bbox 187 2358 765 2526">
     <span class='ocr_line' id='line_1_20' title="bbox 187 2358 695 2443; baseline 0.002 -22"><span class='ocrx_word' id='word_1_82' title='bbox 187 2358 352 2442; x_wconf 85' lang='lat' dir='ltr'>Plerumque</span> <span class='ocrx_word' id='word_1_83' title='bbox 364 2373 461 2443; x_wconf 82' lang='lat' dir='ltr'>gratae</span> <span class='ocrx_word' id='word_1_84' title='bbox 473 2364 607 2424; x_wconf 83' lang='lat' dir='ltr'>divitibus</span> <span class='ocrx_word' id='word_1_85' title='bbox 616 2367 695 2422; x_wconf 83' lang='lat' dir='ltr'>vices</span> 
     </span>
     <span class='ocr_line' id='line_1_21' title="bbox 187 2440 765 2526; baseline 0 -22"><span class='ocrx_word' id='word_1_86' title='bbox 187 2440 364 2525; x_wconf 77' lang='lat' dir='ltr'>liundaeque</span> <span class='ocrx_word' id='word_1_87' title='bbox 376 2464 464 2526; x_wconf 76' lang='lat' dir='ltr'>parvo</span> <span class='ocrx_word' id='word_1_88' title='bbox 476 2449 527 2508; x_wconf 86' lang='lat' dir='ltr'>suh</span> <span class='ocrx_word' id='word_1_89' title='bbox 540 2448 599 2507; x_wconf 89' lang='lat' dir='ltr'>lare</span> <span class='ocrx_word' id='word_1_90' title='bbox 612 2463 765 2525; x_wconf 87' lang='lat' dir='ltr'>pauperum</span> 
     </span>
    </p>

    <p class='ocr_par' dir='ltr' id='par_1_10' title="bbox 236 2526 753 2693">
     <span class='ocr_line' id='line_1_22' title="bbox 236 2526 686 2599; baseline 0.002 -11"><span class='ocrx_word' id='word_1_91' title='bbox 236 2526 353 2590; x_wconf 74' lang='lat' dir='ltr'>coenae</span> <span class='ocrx_word' id='word_1_92' title='bbox 367 2535 428 2591; x_wconf 89' lang='lat' dir='ltr'>sine</span> <span class='ocrx_word' id='word_1_93' title='bbox 441 2532 548 2599; x_wconf 85' lang='lat' dir='ltr'>aulaeis</span> <span class='ocrx_word' id='word_1_94' title='bbox 566 2539 594 2591; x_wconf 89' lang='lat' dir='ltr'>et</span> <span class='ocrx_word' id='word_1_95' title='bbox 608 2539 686 2591; x_wconf 86' lang='lat' dir='ltr'>ostro</span> 
     </span>
     <span class='ocr_line' id='line_1_23' title="bbox 277 2612 753 2693; baseline 0 -21"><span class='ocrx_word' id='word_1_96' title='bbox 277 2612 435 2675; x_wconf 87' lang='lat' dir='ltr'>Sollicitam</span> <span class='ocrx_word' id='word_1_97' title='bbox 447 2615 612 2693; x_wconf 86' lang='lat' dir='ltr'>explicuere</span> <span class='ocrx_word' id='word_1_98' title='bbox 623 2615 753 2674; x_wconf 83' lang='lat' dir='ltr'>frontem.</span> 
     </span>
    </p>
   </div>
   <div class='ocr_carea' id='block_1_8' title="bbox 60 2733 859 3051">
    <p class='ocr_par' dir='ltr' id='par_1_11' title="bbox 60 2733 859 3051">
     <span class='ocr_line' id='line_1_24' title="bbox 60 2733 806 2815; baseline 0.004 -20"><span class='ocrx_word' id='word_1_99' title='bbox 60 2806 62 2813; x_wconf 19' lang='lat' dir='ltr'>y</span> <span class='ocrx_word' id='word_1_100' title='bbox 188 2733 244 2797; x_wconf 86' lang='lat' dir='ltr'>lam</span> <span class='ocrx_word' id='word_1_101' title='bbox 256 2736 348 2798; x_wconf 81' lang='lat' dir='ltr'>clarus</span> <span class='ocrx_word' id='word_1_102' title='bbox 364 2741 506 2801; x_wconf 85' lang='lat' dir='ltr'>occultum</span> <span class='ocrx_word' id='word_1_103' title='bbox 516 2740 713 2800; x_wconf 84' lang='lat' dir='ltr'>Andromedae</span> <span class='ocrx_word' id='word_1_104' title='bbox 726 2746 806 2815; x_wconf 85' lang='lat' dir='ltr'>pater</span> 
     </span>
     <span class='ocr_line' id='line_1_25' title="bbox 190 2818 859 2900; baseline 0.004 -22"><span class='ocrx_word' id='word_1_105' title='bbox 190 2818 317 2882; x_wconf 87' lang='lat' dir='ltr'>Ostendit</span> <span class='ocrx_word' id='word_1_106' title='bbox 330 2825 444 2900; x_wconf 72' lang='lat' dir='ltr'>ignom,</span> <span class='ocrx_word' id='word_1_107' title='bbox 460 2827 513 2883; x_wconf 89' lang='lat' dir='ltr'>iam</span> <span class='ocrx_word' id='word_1_108' title='bbox 525 2824 655 2899; x_wconf 80' lang='lat' dir='ltr'>Procyon</span> <span class='ocrx_word' id='word_1_109' title='bbox 669 2824 735 2883; x_wconf 83' lang='lat' dir='ltr'>furit</span> <span class='ocrx_word' id='word_1_110' title='bbox 768 2861 769 2864; x_wconf 20' lang='grc' dir='ltr'><strong>κ</strong></span> <span class='ocrx_word' id='word_1_111' title='bbox 857 2837 859 2840; x_wconf 91' lang='grc'><strong><em>·</em></strong></span> 
     </span>
     <span class='ocr_line' id='line_1_26' title="bbox 237 2903 593 2967; baseline 0.008 -4"><span class='ocrx_word' id='word_1_112' title='bbox 237 2903 273 2964; x_wconf 86' lang='lat' dir='ltr'>Et</span> <span class='ocrx_word' id='word_1_113' title='bbox 284 2905 367 2967; x_wconf 89' lang='lat' dir='ltr'>stella</span> <span class='ocrx_word' id='word_1_114' title='bbox 377 2911 475 2967; x_wconf 87' lang='lat' dir='ltr'>vesani</span> <span class='ocrx_word' id='word_1_115' title='bbox 489 2907 593 2967; x_wconf 83' lang='lat' dir='ltr'>Leonis</span> 
     </span>
     <span class='ocr_line' id='line_1_27' title="bbox 279 2987 700 3051; baseline 0.007 -4"><span class='ocrx_word' id='word_1_116' title='bbox 279 2987 349 3048; x_wconf 90' lang='lat' dir='ltr'>Sole</span> <span class='ocrx_word' id='word_1_117' title='bbox 360 2990 423 3050; x_wconf 85' lang='lat' dir='ltr'>dies</span> <span class='ocrx_word' id='word_1_118' title='bbox 433 2991 575 3051; x_wconf 79' lang='lat' dir='ltr'>referente</span> <span class='ocrx_word' id='word_1_119' title='bbox 591 2993 700 3050; x_wconf 86' lang='lat' dir='ltr'>siccos:</span> 
     </span>
    </p>
   </div>
   <div class='ocr_carea' id='block_1_9' title="bbox 185 3106 801 3443">
    <p class='ocr_par' dir='ltr' id='par_1_12' title="bbox 185 3106 801 3443">
     <span class='ocr_line' id='line_1_28' title="bbox 185 3106 801 3195; baseline 0.006 -25"><span class='ocrx_word' id='word_1_120' title='bbox 185 3106 243 3171; x_wconf 89' lang='lat' dir='ltr'>lam</span> <span class='ocrx_word' id='word_1_121' title='bbox 255 3122 352 3195; x_wconf 86' lang='lat' dir='ltr'>pastor</span> <span class='ocrx_word' id='word_1_122' title='bbox 367 3116 478 3174; x_wconf 89' lang='lat' dir='ltr'>umbras</span> <span class='ocrx_word' id='word_1_123' title='bbox 490 3133 553 3174; x_wconf 85' lang='lat' dir='ltr'>cunr</span> <span class='ocrx_word' id='word_1_124' title='bbox 568 3134 657 3193; x_wconf 79' lang='lat' dir='ltr'>grege</span> <span class='ocrx_word' id='word_1_125' title='bbox 669 3114 801 3192; x_wconf 80' lang='lat' dir='ltr'>languido</span> 
     </span>
     <span class='ocr_line' id='line_1_29' title="bbox 186 3191 736 3277; baseline 0.005 -23"><span class='ocrx_word' id='word_1_126' title='bbox 186 3191 455 3275; x_wconf 81' lang='lat' dir='ltr'>Rivumquelcssus</span> <span class='ocrx_word' id='word_1_127' title='bbox 471 3203 580 3277; x_wconf 87' lang='lat' dir='ltr'>quaerit</span> <span class='ocrx_word' id='word_1_128' title='bbox 591 3208 620 3259; x_wconf 89' lang='lat' dir='ltr'>et</span> <span class='ocrx_word' id='word_1_129' title='bbox 631 3199 736 3259; x_wconf 90' lang='lat' dir='ltr'>horridi</span> 
     </span>
     <span class='ocr_line' id='line_1_30' title="bbox 235 3277 646 3361; baseline 0.01 -24"><span class='ocrx_word' id='word_1_130' title='bbox 235 3277 356 3340; x_wconf 85' lang='lat' dir='ltr'>Dumeta</span> <span class='ocrx_word' id='word_1_131' title='bbox 373 3282 494 3358; x_wconf 85' lang='lat' dir='ltr'>Silvani,</span> <span class='ocrx_word' id='word_1_132' title='bbox 513 3293 646 3361; x_wconf 89' lang='lat' dir='ltr'>caretque</span> 
     </span>
     <span class='ocr_line' id='line_1_31' title="bbox 281 3363 711 3443; baseline 0.005 -21"><span class='ocrx_word' id='word_1_133' title='bbox 281 3363 354 3440; x_wconf 85' lang='lat' dir='ltr'>Ripa</span> <span class='ocrx_word' id='word_1_134' title='bbox 365 3368 447 3443; x_wconf 81' lang='lat' dir='ltr'>vagis</span> <span class='ocrx_word' id='word_1_135' title='bbox 459 3367 595 3426; x_wconf 85' lang='lat' dir='ltr'>taciturna</span> <span class='ocrx_word' id='word_1_136' title='bbox 608 3368 711 3424; x_wconf 81' lang='lat' dir='ltr'>ventis.</span> 
     </span>
    </p>
   </div>
   <div class='ocr_carea' id='block_1_10' title="bbox 0 0 1138 3878">
    <p class='ocr_par' dir='ltr' id='par_1_13' title="bbox 0 0 1138 3878">
     <span class='ocr_line' id='line_1_32' title="bbox 0 0 1138 3878; baseline 0 0"><span class='ocrx_word' id='word_1_137' title='bbox 0 0 1138 3878; x_wconf 95' lang='lat' dir='ltr'> </span> 
     </span>
    </p>
   </div>
  </div>
 </body>
</html>
