<?xml version="1.0" encoding="UTF-8"?>
<!DOCTYPE html PUBLIC "-//W3C//DTD XHTML 1.0 Transitional//EN"
    "http://www.w3.org/TR/xhtml1/DTD/xhtml1-transitional.dtd">
<html xmlns="http://www.w3.org/1999/xhtml" xml:lang="en" lang="en">
 <head>
  <title>
</title>
<meta http-equiv="Content-Type" content="text/html;charset=utf-8" />
  <meta name='ocr-system' content='tesseract 3.04.00' />
  <meta name='ocr-capabilities' content='ocr_page ocr_carea ocr_par ocr_line ocrx_word'/>
</head>
<body>
  <div class='ocr_page' id='page_1' title='image "./qhoratiiflaccio00schmgoog_0168.png"; bbox 0 0 2266 3878; ppageno 0'>
   <div class='ocr_carea' id='block_1_1' title="bbox 55 308 992 385">
    <p class='ocr_par' dir='ltr' id='par_1_1' title="bbox 55 308 992 385">
     <span class='ocr_line' id='line_1_1' title="bbox 55 308 992 385; baseline 0.006 -17"><span class='ocrx_word' id='word_1_1' title='bbox 55 314 108 381; x_wconf 64' lang='lat' dir='ltr'><strong>stat,</strong></span> <span class='ocrx_word' id='word_1_2' title='bbox 121 316 157 385; x_wconf 75' lang='grc'><strong>4.]</strong></span> <span class='ocrx_word' id='word_1_3' title='bbox 225 312 233 355; x_wconf 67' lang='grc' dir='ltr'><em>ὃ</em></span> <span class='ocrx_word' id='word_1_4' title='bbox 442 310 552 372; x_wconf 78' lang='lat' dir='ltr'>LIBER</span> <span class='ocrx_word' id='word_1_5' title='bbox 564 310 587 371; x_wconf 89' lang='lat'><strong>1.</strong></span> <span class='ocrx_word' id='word_1_6' title='bbox 931 308 992 374; x_wconf 82' lang='lat'><strong>151</strong></span> 
     </span>
    </p>
   </div>
   <div class='ocr_carea' id='block_1_2' title="bbox 99 460 1082 3294">
    <p class='ocr_par' dir='ltr' id='par_1_2' title="bbox 116 460 987 1103">
     <span class='ocr_line' id='line_1_2' title="bbox 118 460 887 539; baseline 0 -16"><span class='ocrx_word' id='word_1_7' title='bbox 118 460 238 524; x_wconf 83' lang='lat' dir='ltr'>Noctem</span> <span class='ocrx_word' id='word_1_8' title='bbox 249 462 441 521; x_wconf 88' lang='lat' dir='ltr'><strong>cumiacibus.</strong></span> <span class='ocrx_word' id='word_1_9' title='bbox 464 461 635 538; x_wconf 72' lang='lat' dir='ltr'><strong>situmque</strong></span> <span class='ocrx_word' id='word_1_10' title='bbox 644 460 814 539; x_wconf 90' lang='lat' dir='ltr'><strong>Pomponius</strong></span> <span class='ocrx_word' id='word_1_11' title='bbox 825 464 887 523; x_wconf 87' lang='lat' dir='ltr'><strong>istis</strong></span> 
     </span>
     <span class='ocr_line' id='line_1_3' title="bbox 117 541 728 623; baseline -0.003 -17"><span class='ocrx_word' id='word_1_12' title='bbox 117 544 235 606; x_wconf 79' lang='lat' dir='ltr'><strong>Audiret</strong></span> <span class='ocrx_word' id='word_1_13' title='bbox 244 543 366 621; x_wconf 84' lang='lat' dir='ltr'><strong>leviora,</strong></span> <span class='ocrx_word' id='word_1_14' title='bbox 381 554 461 623; x_wconf 87' lang='lat' dir='ltr'><strong>pater</strong></span> <span class='ocrx_word' id='word_1_15' title='bbox 472 547 496 603; x_wconf 93' lang='lat' dir='ltr'><strong>si</strong></span> <span class='ocrx_word' id='word_1_16' title='bbox 506 541 637 603; x_wconf 81' lang='lat' dir='ltr'><strong>viveret?</strong></span> <span class='ocrx_word' id='word_1_17' title='bbox 650 545 728 622; x_wconf 86' lang='lat' dir='ltr'><strong>Ergo</strong></span> 
     </span>
     <span class='ocr_line' id='line_1_4' title="bbox 117 629 838 708; baseline -0.001 -19"><span class='ocrx_word' id='word_1_18' title='bbox 117 629 180 689; x_wconf 84' lang='lat' dir='ltr'><strong>lion</strong></span> <span class='ocrx_word' id='word_1_19' title='bbox 191 629 259 688; x_wconf 88' lang='lat' dir='ltr'><strong>satis</strong></span> <span class='ocrx_word' id='word_1_20' title='bbox 272 636 317 688; x_wconf 85' lang='lat' dir='ltr'><strong>est</strong></span> <span class='ocrx_word' id='word_1_21' title='bbox 328 631 404 708; x_wconf 91' lang='lat' dir='ltr'><strong>puris</strong></span> <span class='ocrx_word' id='word_1_22' title='bbox 415 646 527 687; x_wconf 88' lang='lat' dir='ltr'><strong>versum</strong></span> <span class='ocrx_word' id='word_1_23' title='bbox 544 629 721 704; x_wconf 81' lang='lat' dir='ltr'><strong>perscribere</strong></span> <span class='ocrx_word' id='word_1_24' title='bbox 733 629 838 704; x_wconf 86' lang='lat' dir='ltr'><strong>verbis,</strong></span> 
     </span>
     <span class='ocr_line' id='line_1_5' title="bbox 118 711 987 789; baseline 0.006 -18"><span class='ocrx_word' id='word_1_25' title='bbox 118 712 208 786; x_wconf 82' lang='lat' dir='ltr'><strong>Quem</strong></span> <span class='ocrx_word' id='word_1_26' title='bbox 224 713 248 770; x_wconf 88' lang='lat' dir='ltr'><strong>si</strong></span> <span class='ocrx_word' id='word_1_27' title='bbox 260 711 417 787; x_wconf 81' lang='lat' dir='ltr'>dissolvas,</span> <span class='ocrx_word' id='word_1_28' title='bbox 434 713 525 789; x_wconf 86' lang='lat' dir='ltr'><strong>quivis</strong></span> <span class='ocrx_word' id='word_1_29' title='bbox 536 712 725 770; x_wconf 81' lang='lat' dir='ltr'><strong>stomachetur</strong></span> <span class='ocrx_word' id='word_1_30' title='bbox 736 711 836 771; x_wconf 86' lang='lat' dir='ltr'><strong>eodem</strong></span> <span class='ocrx_word' id='word_1_31' title='bbox 946 714 987 776; x_wconf 79' lang='lat'><strong>55</strong></span> 
     </span>
     <span class='ocr_line' id='line_1_6' title="bbox 118 792 896 874; baseline 0 -20"><span class='ocrx_word' id='word_1_32' title='bbox 118 795 181 869; x_wconf 82' lang='lat' dir='ltr'><strong>Quo</strong></span> <span class='ocrx_word' id='word_1_33' title='bbox 194 804 361 874; x_wconf 76' lang='lat' dir='ltr'><strong>personatus</strong></span> <span class='ocrx_word' id='word_1_34' title='bbox 373 804 456 871; x_wconf 90' lang='lat' dir='ltr'><strong>pacto</strong></span> <span class='ocrx_word' id='word_1_35' title='bbox 467 803 557 871; x_wconf 89' lang='lat' dir='ltr'><strong>pater.</strong></span> <span class='ocrx_word' id='word_1_36' title='bbox 580 792 647 871; x_wconf 89' lang='lat' dir='ltr'><strong>His,</strong></span> <span class='ocrx_word' id='word_1_37' title='bbox 663 811 718 872; x_wconf 84' lang='lat' dir='ltr'><strong>ego</strong></span> <span class='ocrx_word' id='word_1_38' title='bbox 731 812 803 872; x_wconf 88' lang='lat' dir='ltr'><strong>quae</strong></span> <span class='ocrx_word' id='word_1_39' title='bbox 813 812 896 871; x_wconf 87' lang='lat' dir='ltr'><strong>nunc,</strong></span> 
     </span>
     <span class='ocr_line' id='line_1_7' title="bbox 117 877 703 957; baseline -0.002 -19"><span class='ocrx_word' id='word_1_40' title='bbox 117 877 189 938; x_wconf 85' lang='lat' dir='ltr'>Olim</span> <span class='ocrx_word' id='word_1_41' title='bbox 202 896 275 956; x_wconf 89' lang='lat' dir='ltr'><strong>quae</strong></span> <span class='ocrx_word' id='word_1_42' title='bbox 287 880 401 957; x_wconf 81' lang='lat' dir='ltr'><strong>scripsit</strong></span> <span class='ocrx_word' id='word_1_43' title='bbox 410 877 549 953; x_wconf 80' lang='lat' dir='ltr'><strong>Lucilius,</strong></span> <span class='ocrx_word' id='word_1_44' title='bbox 563 879 666 954; x_wconf 84' lang='lat' dir='ltr'><strong>eripias</strong></span> <span class='ocrx_word' id='word_1_45' title='bbox 680 881 703 937; x_wconf 91' lang='lat' dir='ltr'><strong>si</strong></span> 
     </span>
     <span class='ocr_line' id='line_1_8' title="bbox 116 960 904 1039; baseline 0 -18"><span class='ocrx_word' id='word_1_46' title='bbox 116 960 256 1039; x_wconf 79' lang='lat' dir='ltr'><strong>Tempora</strong></span> <span class='ocrx_word' id='word_1_47' title='bbox 277 970 353 1020; x_wconf 91' lang='lat' dir='ltr'><strong>certa</strong></span> <span class='ocrx_word' id='word_1_48' title='bbox 374 960 547 1038; x_wconf 90' lang='lat' dir='ltr'><strong>modosque,</strong></span> <span class='ocrx_word' id='word_1_49' title='bbox 573 970 600 1019; x_wconf 91' lang='lat' dir='ltr'><strong>et</strong></span> <span class='ocrx_word' id='word_1_50' title='bbox 622 961 697 1038; x_wconf 94' lang='lat' dir='ltr'><strong>quod</strong></span> <span class='ocrx_word' id='word_1_51' title='bbox 718 963 794 1038; x_wconf 89' lang='lat' dir='ltr'><strong>prius</strong></span> <span class='ocrx_word' id='word_1_52' title='bbox 806 960 904 1021; x_wconf 88' lang='lat' dir='ltr'><strong>ordine</strong></span> 
     </span>
     <span class='ocr_line' id='line_1_9' title="bbox 615 1045 789 1103; baseline 0.011 -2"><span class='ocrx_word' id='word_1_53' title='bbox 615 1045 730 1103; x_wconf 87' lang='lat' dir='ltr'><strong>verbum</strong></span> <span class='ocrx_word' id='word_1_54' title='bbox 745 1053 789 1103; x_wconf 90' lang='lat' dir='ltr'><strong>est</strong></span> 
     </span>
    </p>

    <p class='ocr_par' dir='ltr' id='par_1_3' title="bbox 99 1125 1082 2874">
     <span class='ocr_line' id='line_1_10' title="bbox 99 1125 794 1206; baseline 0.003 -20"><span class='ocrx_word' id='word_1_55' title='bbox 99 1150 102 1161; x_wconf 58' lang='lat'><strong><em>‘</em></strong></span> <span class='ocrx_word' id='word_1_56' title='bbox 114 1125 258 1187; x_wconf 87' lang='lat' dir='ltr'><strong>Posterius</strong></span> <span class='ocrx_word' id='word_1_57' title='bbox 270 1125 375 1203; x_wconf 87' lang='lat' dir='ltr'><strong>iacias,</strong></span> <span class='ocrx_word' id='word_1_58' title='bbox 388 1145 566 1206; x_wconf 91' lang='lat' dir='ltr'><strong>praeponens</strong></span> <span class='ocrx_word' id='word_1_59' title='bbox 577 1127 671 1188; x_wconf 91' lang='lat' dir='ltr'><strong>ultima</strong></span> <span class='ocrx_word' id='word_1_60' title='bbox 684 1130 794 1206; x_wconf 86' lang='lat' dir='ltr'><strong>primis:</strong></span> 
     </span>
     <span class='ocr_line' id='line_1_11' title="bbox 113 1209 998 1288; baseline 0.007 -17"><span class='ocrx_word' id='word_1_61' title='bbox 113 1209 191 1287; x_wconf 86' lang='lat' dir='ltr'><strong>Non,</strong></span> <span class='ocrx_word' id='word_1_62' title='bbox 204 1218 236 1269; x_wconf 92' lang='lat' dir='ltr'><strong>ut</strong></span> <span class='ocrx_word' id='word_1_63' title='bbox 249 1211 273 1268; x_wconf 91' lang='lat' dir='ltr'><strong>si</strong></span> <span class='ocrx_word' id='word_1_64' title='bbox 285 1209 380 1270; x_wconf 90' lang='lat' dir='ltr'><strong>solvas</strong></span> <span class='ocrx_word' id='word_1_65' title='bbox 393 1209 576 1288; x_wconf 80' lang='lat' dir='ltr'><strong>„Postquam</strong></span> <span class='ocrx_word' id='word_1_66' title='bbox 588 1213 744 1273; x_wconf 75' lang='lat' dir='ltr'><strong>discordia</strong></span> <span class='ocrx_word' id='word_1_67' title='bbox 756 1218 836 1274; x_wconf 83' lang='lat' dir='ltr'><strong>tetra</strong></span> <span class='ocrx_word' id='word_1_68' title='bbox 945 1215 998 1277; x_wconf 84' lang='lat'><strong>60&#39;</strong></span> 
     </span>
     <span class='ocr_line' id='line_1_12' title="bbox 114 1291 795 1374; baseline 0.003 -20"><span class='ocrx_word' id='word_1_69' title='bbox 114 1291 192 1355; x_wconf 77' lang='lat' dir='ltr'><strong>Belli</strong></span> <span class='ocrx_word' id='word_1_70' title='bbox 200 1292 337 1372; x_wconf 78' lang='lat' dir='ltr'><strong>serratos</strong></span> <span class='ocrx_word' id='word_1_71' title='bbox 344 1302 447 1372; x_wconf 80' lang='lat' dir='ltr'><strong>postea</strong></span> <span class='ocrx_word' id='word_1_72' title='bbox 453 1303 620 1372; x_wconf 79' lang='lat' dir='ltr'><strong>portusque</strong></span> <span class='ocrx_word' id='word_1_73' title='bbox 633 1297 795 1374; x_wconf 80' lang='lat' dir='ltr'><strong>refrepit,“</strong></span> 
     </span>
     <span class='ocr_line' id='line_1_13' title="bbox 114 1374 721 1454; baseline 0 -18"><span class='ocrx_word' id='word_1_74' title='bbox 114 1374 243 1437; x_wconf 80' lang='lat' dir='ltr'><strong>Invenias</strong></span> <span class='ocrx_word' id='word_1_75' title='bbox 255 1379 338 1441; x_wconf 89' lang='lat' dir='ltr'><strong>etiam</strong></span> <span class='ocrx_word' id='word_1_76' title='bbox 350 1378 459 1437; x_wconf 88' lang='lat' dir='ltr'><strong>disiecti</strong></span> <span class='ocrx_word' id='word_1_77' title='bbox 471 1379 593 1437; x_wconf 92' lang='lat' dir='ltr'><strong>membra</strong></span> <span class='ocrx_word' id='word_1_78' title='bbox 608 1385 721 1454; x_wconf 73' lang='lat' dir='ltr'><strong>poetae.</strong></span> 
     </span>
     <span class='ocr_line' id='line_1_14' title="bbox 112 1459 824 1541; baseline 0.001 -21"><span class='ocrx_word' id='word_1_79' title='bbox 112 1459 253 1520; x_wconf 83' lang='lat' dir='ltr'><strong>Hactenus</strong></span> <span class='ocrx_word' id='word_1_80' title='bbox 264 1460 336 1519; x_wconf 89' lang='lat' dir='ltr'><strong>baec</strong></span> <span class='ocrx_word' id='word_1_81' title='bbox 345 1483 351 1519; x_wconf 94' lang='lat'>:</span> <span class='ocrx_word' id='word_1_82' title='bbox 360 1461 434 1541; x_wconf 86' lang='lat' dir='ltr'><strong>alias</strong></span> <span class='ocrx_word' id='word_1_83' title='bbox 446 1464 547 1520; x_wconf 88' lang='lat' dir='ltr'><strong>iustum</strong></span> <span class='ocrx_word' id='word_1_84' title='bbox 559 1463 596 1520; x_wconf 89' lang='lat' dir='ltr'><strong>sit</strong></span> <span class='ocrx_word' id='word_1_85' title='bbox 606 1479 696 1520; x_wconf 89' lang='lat' dir='ltr'><strong>neone</strong></span> <span class='ocrx_word' id='word_1_86' title='bbox 710 1468 824 1538; x_wconf 72' lang='lat' dir='ltr'><strong>poema,</strong></span> 
     </span>
     <span class='ocr_line' id='line_1_15' title="bbox 112 1540 805 1621; baseline 0.003 -18"><span class='ocrx_word' id='word_1_87' title='bbox 112 1540 191 1603; x_wconf 83' lang='lat' dir='ltr'><strong>Nune</strong></span> <span class='ocrx_word' id='word_1_88' title='bbox 204 1542 274 1602; x_wconf 92' lang='lat' dir='ltr'><strong>illud</strong></span> <span class='ocrx_word' id='word_1_89' title='bbox 284 1552 387 1603; x_wconf 89' lang='lat' dir='ltr'><strong>tanturn</strong></span> <span class='ocrx_word' id='word_1_90' title='bbox 397 1562 544 1621; x_wconf 84' lang='lat' dir='ltr'><strong>quaeram,</strong></span> <span class='ocrx_word' id='word_1_91' title='bbox 560 1546 697 1604; x_wconf 85' lang='lat' dir='ltr'><strong>meritone</strong></span> <span class='ocrx_word' id='word_1_92' title='bbox 707 1545 758 1603; x_wconf 92' lang='lat' dir='ltr'><strong>tibi</strong></span> <span class='ocrx_word' id='word_1_93' title='bbox 769 1547 805 1606; x_wconf 85' lang='lat' dir='ltr'><strong>sit</strong></span> 
     </span>
     <span class='ocr_line' id='line_1_16' title="bbox 112 1626 1082 1707; baseline 0.001 -21"><span class='ocrx_word' id='word_1_94' title='bbox 112 1626 282 1706; x_wconf 85' lang='lat' dir='ltr'><strong>Suspectum</strong></span> <span class='ocrx_word' id='word_1_95' title='bbox 291 1646 383 1706; x_wconf 85' lang='lat' dir='ltr'><strong>genus</strong></span> <span class='ocrx_word' id='word_1_96' title='bbox 394 1628 449 1686; x_wconf 90' lang='lat' dir='ltr'><strong>bec</strong></span> <span class='ocrx_word' id='word_1_97' title='bbox 462 1627 613 1686; x_wconf 91' lang='lat' dir='ltr'><strong>scribendi.</strong></span> <span class='ocrx_word' id='word_1_98' title='bbox 636 1627 825 1687; x_wconf 89' lang='lat' dir='ltr'><strong>Sulciusacer</strong></span> <span class='ocrx_word' id='word_1_99' title='bbox 944 1631 984 1694; x_wconf 79' lang='lat'><strong>65</strong></span> <span class='ocrx_word' id='word_1_100' title='bbox 1078 1703 1082 1707; x_wconf 85' lang='lat'>.</span> 
     </span>
     <span class='ocr_line' id='line_1_17' title="bbox 110 1707 878 1789; baseline -0.001 -18"><span class='ocrx_word' id='word_1_101' title='bbox 110 1709 240 1771; x_wconf 74' lang='lat' dir='ltr'><strong>Ambulat</strong></span> <span class='ocrx_word' id='word_1_102' title='bbox 250 1719 279 1769; x_wconf 88' lang='lat' dir='ltr'><strong>et</strong></span> <span class='ocrx_word' id='word_1_103' title='bbox 290 1707 426 1789; x_wconf 83' lang='lat' dir='ltr'><strong>Caprius,</strong></span> <span class='ocrx_word' id='word_1_104' title='bbox 439 1713 515 1769; x_wconf 93' lang='lat' dir='ltr'><strong>rauci</strong></span> <span class='ocrx_word' id='word_1_105' title='bbox 526 1710 616 1787; x_wconf 91' lang='lat' dir='ltr'><strong>male,</strong></span> <span class='ocrx_word' id='word_1_106' title='bbox 634 1729 753 1788; x_wconf 86' lang='lat' dir='ltr'><strong>cumque</strong></span> <span class='ocrx_word' id='word_1_107' title='bbox 763 1710 878 1788; x_wconf 91' lang='lat' dir='ltr'><strong>libellis,</strong></span> 
     </span>
     <span class='ocr_line' id='line_1_18' title="bbox 110 1792 962 1874; baseline 0.001 -21"><span class='ocrx_word' id='word_1_108' title='bbox 110 1792 227 1872; x_wconf 72' lang='lat' dir='ltr'><strong>llagnus</strong></span> <span class='ocrx_word' id='word_1_109' title='bbox 239 1802 358 1872; x_wconf 91' lang='lat' dir='ltr'><strong>uterque</strong></span> <span class='ocrx_word' id='word_1_110' title='bbox 369 1796 452 1854; x_wconf 90' lang='lat' dir='ltr'><strong>timor</strong></span> <span class='ocrx_word' id='word_1_111' title='bbox 462 1795 628 1863; x_wconf 87' lang='lat' dir='ltr'><strong>latronibus;</strong></span> <span class='ocrx_word' id='word_1_112' title='bbox 642 1803 670 1855; x_wconf 86' lang='lat' dir='ltr'><strong>at</strong></span> <span class='ocrx_word' id='word_1_113' title='bbox 681 1796 754 1854; x_wconf 88' lang='lat' dir='ltr'><strong>bene</strong></span> <span class='ocrx_word' id='word_1_114' title='bbox 766 1796 789 1853; x_wconf 91' lang='lat' dir='ltr'><strong>si</strong></span> <span class='ocrx_word' id='word_1_115' title='bbox 802 1796 865 1874; x_wconf 87' lang='lat' dir='ltr'><strong>quis</strong></span> <span class='ocrx_word' id='word_1_116' title='bbox 953 1862 962 1873; x_wconf 87' lang='lat'><strong>..</strong></span> 
     </span>
     <span class='ocr_line' id='line_1_19' title="bbox 110 1875 811 1956; baseline 0 -20"><span class='ocrx_word' id='word_1_117' title='bbox 110 1875 232 1937; x_wconf 80' lang='lat' dir='ltr'><strong>lltvivat</strong></span> <span class='ocrx_word' id='word_1_118' title='bbox 243 1880 319 1954; x_wconf 88' lang='lat' dir='ltr'><strong>puris</strong></span> <span class='ocrx_word' id='word_1_119' title='bbox 331 1878 472 1953; x_wconf 88' lang='lat' dir='ltr'><strong>manibus,</strong></span> <span class='ocrx_word' id='word_1_120' title='bbox 487 1888 644 1938; x_wconf 90' lang='lat' dir='ltr'><strong>contemnat</strong></span> <span class='ocrx_word' id='word_1_121' title='bbox 655 1887 811 1956; x_wconf 85' lang='lat' dir='ltr'><strong>utrumque.</strong></span> 
     </span>
     <span class='ocr_line' id='line_1_20' title="bbox 110 1958 769 2040; baseline 0.002 -20"><span class='ocrx_word' id='word_1_122' title='bbox 110 1959 145 2020; x_wconf 88' lang='lat' dir='ltr'><strong>llt</strong></span> <span class='ocrx_word' id='word_1_123' title='bbox 155 1962 196 2020; x_wconf 90' lang='lat' dir='ltr'><strong>sis</strong></span> <span class='ocrx_word' id='word_1_124' title='bbox 207 1969 238 2020; x_wconf 88' lang='lat' dir='ltr'><strong>tu</strong></span> <span class='ocrx_word' id='word_1_125' title='bbox 250 1960 349 2020; x_wconf 91' lang='lat' dir='ltr'><strong>similis</strong></span> <span class='ocrx_word' id='word_1_126' title='bbox 362 1958 442 2020; x_wconf 78' lang='lat' dir='ltr'><strong>Coeli</strong></span> <span class='ocrx_word' id='word_1_127' title='bbox 456 1960 611 2040; x_wconf 74' lang='lat' dir='ltr'><strong>Byrrbique</strong></span> <span class='ocrx_word' id='word_1_128' title='bbox 624 1963 769 2038; x_wconf 87' lang='lat' dir='ltr'><strong>latromrm,</strong></span> 
     </span>
     <span class='ocr_line' id='line_1_21' title="bbox 110 2041 983 2122; baseline 0.01 -20"><span class='ocrx_word' id='word_1_129' title='bbox 110 2041 173 2103; x_wconf 87' lang='lat' dir='ltr'><strong>Non</strong></span> <span class='ocrx_word' id='word_1_130' title='bbox 186 2060 242 2121; x_wconf 78' lang='lat' dir='ltr'><strong>ego</strong></span> <span class='ocrx_word' id='word_1_131' title='bbox 257 2047 309 2102; x_wconf 90' lang='lat' dir='ltr'><strong>sim</strong></span> <span class='ocrx_word' id='word_1_132' title='bbox 322 2043 405 2121; x_wconf 87' lang='lat' dir='ltr'><strong>Capri</strong></span> <span class='ocrx_word' id='word_1_133' title='bbox 417 2063 510 2122; x_wconf 83' lang='lat' dir='ltr'><strong>neque</strong></span> <span class='ocrx_word' id='word_1_134' title='bbox 522 2046 614 2105; x_wconf 86' lang='lat' dir='ltr'><strong>Sulci:</strong></span> <span class='ocrx_word' id='word_1_135' title='bbox 628 2065 678 2105; x_wconf 91' lang='lat' dir='ltr'><strong>cnr</strong></span> <span class='ocrx_word' id='word_1_136' title='bbox 688 2056 795 2106; x_wconf 88' lang='lat' dir='ltr'><strong>metuas</strong></span> <span class='ocrx_word' id='word_1_137' title='bbox 806 2043 873 2106; x_wconf 83' lang='lat' dir='ltr'><strong>me?</strong></span> <span class='ocrx_word' id='word_1_138' title='bbox 941 2050 983 2111; x_wconf 82' lang='lat'><strong>-70</strong></span> 
     </span>
     <span class='ocr_line' id='line_1_22' title="bbox 109 2126 829 2207; baseline 0.003 -21"><span class='ocrx_word' id='word_1_139' title='bbox 109 2126 192 2187; x_wconf 79' lang='lat' dir='ltr'><strong>Nulla</strong></span> <span class='ocrx_word' id='word_1_140' title='bbox 203 2127 319 2187; x_wconf 85' lang='lat' dir='ltr'><strong>taberna</strong></span> <span class='ocrx_word' id='word_1_141' title='bbox 330 2145 408 2187; x_wconf 88' lang='lat' dir='ltr'><strong>meos</strong></span> <span class='ocrx_word' id='word_1_142' title='bbox 424 2129 525 2188; x_wconf 89' lang='lat' dir='ltr'><strong>babeat</strong></span> <span class='ocrx_word' id='word_1_143' title='bbox 535 2148 628 2207; x_wconf 89' lang='lat' dir='ltr'><strong>neque</strong></span> <span class='ocrx_word' id='word_1_144' title='bbox 639 2129 695 2207; x_wconf 92' lang='lat' dir='ltr'><strong>pila</strong></span> <span class='ocrx_word' id='word_1_145' title='bbox 706 2129 829 2205; x_wconf 90' lang='lat' dir='ltr'><strong>libellos,</strong></span> 
     </span>
     <span class='ocr_line' id='line_1_23' title="bbox 111 2209 884 2290; baseline 0.003 -19"><span class='ocrx_word' id='word_1_146' title='bbox 111 2209 181 2283; x_wconf 79' lang='lat' dir='ltr'><strong>Quis</strong></span> <span class='ocrx_word' id='word_1_147' title='bbox 192 2228 289 2270; x_wconf 87' lang='lat' dir='ltr'><strong>manus</strong></span> <span class='ocrx_word' id='word_1_148' title='bbox 301 2211 413 2271; x_wconf 87' lang='lat' dir='ltr'><strong>insudet</strong></span> <span class='ocrx_word' id='word_1_149' title='bbox 424 2211 501 2289; x_wconf 81' lang='lat' dir='ltr'><strong>vulgi</strong></span> <span class='ocrx_word' id='word_1_150' title='bbox 512 2212 756 2290; x_wconf 84' lang='lat' dir='ltr'><strong>Hermogenisque</strong></span> <span class='ocrx_word' id='word_1_151' title='bbox 767 2212 884 2290; x_wconf 60' lang='lat' dir='ltr'><strong>urgello</strong></span> 
     </span>
     <span class='ocr_line' id='line_1_24' title="bbox 110 2292 836 2373; baseline 0.003 -21"><span class='ocrx_word' id='word_1_152' title='bbox 110 2292 170 2352; x_wconf 89' lang='lat' dir='ltr'><strong>Nee</strong></span> <span class='ocrx_word' id='word_1_153' title='bbox 180 2296 271 2353; x_wconf 91' lang='lat' dir='ltr'><strong>recito</strong></span> <span class='ocrx_word' id='word_1_154' title='bbox 284 2297 412 2372; x_wconf 87' lang='lat' dir='ltr'><strong>cuiquam</strong></span> <span class='ocrx_word' id='word_1_155' title='bbox 423 2297 477 2354; x_wconf 88' lang='lat' dir='ltr'><strong>nisi</strong></span> <span class='ocrx_word' id='word_1_156' title='bbox 489 2298 601 2372; x_wconf 86' lang='lat' dir='ltr'><strong>amicis,</strong></span> <span class='ocrx_word' id='word_1_157' title='bbox 615 2295 699 2373; x_wconf 91' lang='lat' dir='ltr'><strong>idque</strong></span> <span class='ocrx_word' id='word_1_158' title='bbox 711 2305 836 2370; x_wconf 87' lang='lat' dir='ltr'><strong>coactus,</strong></span> 
     </span>
     <span class='ocr_line' id='line_1_25' title="bbox 104 2372 882 2459; baseline 0.001 -21"><span class='ocrx_word' id='word_1_159' title='bbox 104 2375 172 2438; x_wconf 81' lang='lat' dir='ltr'><strong>Non</strong></span> <span class='ocrx_word' id='word_1_160' title='bbox 183 2376 275 2459; x_wconf 77' lang='lat' dir='ltr'><strong>ubivis</strong></span> <span class='ocrx_word' id='word_1_161' title='bbox 288 2392 418 2437; x_wconf 85' lang='lat' dir='ltr'><strong>coramve</strong></span> <span class='ocrx_word' id='word_1_162' title='bbox 430 2378 610 2457; x_wconf 91' lang='lat' dir='ltr'><strong>quibuslibet.</strong></span> <span class='ocrx_word' id='word_1_163' title='bbox 633 2378 694 2449; x_wconf 60' lang='lat' dir='ltr'><strong>§ln</strong></span> <span class='ocrx_word' id='word_1_164' title='bbox 704 2379 797 2438; x_wconf 90' lang='lat' dir='ltr'><strong>medio</strong></span> <span class='ocrx_word' id='word_1_165' title='bbox 809 2372 856 2457; x_wconf 84' lang='lat' dir='ltr'><strong>qui</strong></span> <span class='ocrx_word' id='word_1_166' title='bbox 880 2389 882 2399; x_wconf 91' lang='lat'>&#39;</span> 
     </span>
     <span class='ocr_line' id='line_1_26' title="bbox 110 2459 981 2540; baseline 0.011 -21"><span class='ocrx_word' id='word_1_167' title='bbox 110 2459 220 2538; x_wconf 87' lang='lat' dir='ltr'><strong>Scripta</strong></span> <span class='ocrx_word' id='word_1_168' title='bbox 231 2460 295 2520; x_wconf 87' lang='lat' dir='ltr'><strong>ioro</strong></span> <span class='ocrx_word' id='word_1_169' title='bbox 306 2465 441 2537; x_wconf 87' lang='lat' dir='ltr'><strong>recitent,</strong></span> <span class='ocrx_word' id='word_1_170' title='bbox 459 2472 521 2521; x_wconf 91' lang='lat' dir='ltr'><strong>sunt</strong></span> <span class='ocrx_word' id='word_1_171' title='bbox 533 2462 632 2537; x_wconf 91' lang='lat' dir='ltr'><strong>multi,</strong></span> <span class='ocrx_word' id='word_1_172' title='bbox 644 2463 748 2540; x_wconf 93' lang='lat' dir='ltr'><strong>quique</strong></span> <span class='ocrx_word' id='word_1_173' title='bbox 760 2462 898 2526; x_wconf 77' lang='lat' dir='ltr'><strong>lavantes:</strong></span> <span class='ocrx_word' id='word_1_174' title='bbox 940 2467 981 2529; x_wconf 78' lang='lat'><strong>75</strong></span> 
     </span>
     <span class='ocr_line' id='line_1_27' title="bbox 109 2543 819 2614; baseline 0.004 -12"><span class='ocrx_word' id='word_1_175' title='bbox 109 2543 201 2604; x_wconf 82' lang='lat' dir='ltr'><strong>Suave</strong></span> <span class='ocrx_word' id='word_1_176' title='bbox 212 2543 293 2604; x_wconf 90' lang='lat' dir='ltr'><strong>loeus</strong></span> <span class='ocrx_word' id='word_1_177' title='bbox 304 2548 370 2603; x_wconf 86' lang='lat' dir='ltr'><strong>voci</strong></span> <span class='ocrx_word' id='word_1_178' title='bbox 380 2555 493 2606; x_wconf 87' lang='lat' dir='ltr'><strong>resonat</strong></span> <span class='ocrx_word' id='word_1_179' title='bbox 505 2547 664 2606; x_wconf 84' lang='lat' dir='ltr'><strong>conclusus.</strong></span> <span class='ocrx_word' id='word_1_180' title='bbox 688 2552 707 2614; x_wconf 67' lang='lat'>5</span> <span class='ocrx_word' id='word_1_181' title='bbox 718 2545 819 2606; x_wconf 88' lang='lat' dir='ltr'><strong>lnanes</strong></span> 
     </span>
     <span class='ocr_line' id='line_1_28' title="bbox 108 2626 897 2707; baseline 0.005 -21"><span class='ocrx_word' id='word_1_182' title='bbox 108 2626 170 2686; x_wconf 89' lang='lat' dir='ltr'><strong>lloe</strong></span> <span class='ocrx_word' id='word_1_183' title='bbox 182 2629 273 2704; x_wconf 84' lang='lat' dir='ltr'><strong>iuvat,</strong></span> <span class='ocrx_word' id='word_1_184' title='bbox 286 2629 359 2688; x_wconf 91' lang='lat' dir='ltr'><strong>baud</strong></span> <span class='ocrx_word' id='word_1_185' title='bbox 371 2629 439 2688; x_wconf 91' lang='lat' dir='ltr'><strong>illud</strong></span> <span class='ocrx_word' id='word_1_186' title='bbox 450 2638 633 2707; x_wconf 84' lang='lat' dir='ltr'><strong>quaerentes,</strong></span> <span class='ocrx_word' id='word_1_187' title='bbox 654 2649 719 2688; x_wconf 92' lang='lat' dir='ltr'><strong>uum</strong></span> <span class='ocrx_word' id='word_1_188' title='bbox 730 2632 791 2689; x_wconf 90' lang='lat' dir='ltr'><strong>siue</strong></span> <span class='ocrx_word' id='word_1_189' title='bbox 802 2649 897 2707; x_wconf 90' lang='lat' dir='ltr'><strong>seusu,</strong></span> 
     </span>
     <span class='ocr_line' id='line_1_29' title="bbox 108 2708 905 2791; baseline 0.008 -22"><span class='ocrx_word' id='word_1_190' title='bbox 108 2708 249 2788; x_wconf 80' lang='lat' dir='ltr'><strong>Tempore</strong></span> <span class='ocrx_word' id='word_1_191' title='bbox 259 2728 323 2770; x_wconf 93' lang='lat' dir='ltr'><strong>num</strong></span> <span class='ocrx_word' id='word_1_192' title='bbox 335 2712 436 2771; x_wconf 87' lang='lat' dir='ltr'><strong>iaciant</strong></span> <span class='ocrx_word' id='word_1_193' title='bbox 447 2712 548 2772; x_wconf 89' lang='lat' dir='ltr'><strong>alieno.</strong></span> <span class='ocrx_word' id='word_1_194' title='bbox 572 2719 592 2783; x_wconf 70' lang='grc'><strong><em>9</em></strong></span> <span class='ocrx_word' id='word_1_195' title='bbox 603 2713 751 2790; x_wconf 87' lang='lat' dir='ltr'><strong>„Laedere</strong></span> <span class='ocrx_word' id='word_1_196' title='bbox 762 2715 905 2791; x_wconf 84' lang='lat' dir='ltr'><strong>gaudes,“</strong></span> 
     </span>
     <span class='ocr_line' id='line_1_30' title="bbox 107 2790 899 2874; baseline 0.01 -23"><span class='ocrx_word' id='word_1_197' title='bbox 107 2790 220 2872; x_wconf 91' lang='lat' dir='ltr'><strong>lnquis,</strong></span> <span class='ocrx_word' id='word_1_198' title='bbox 245 2804 303 2870; x_wconf 89' lang='lat' dir='ltr'><strong>„et</strong></span> <span class='ocrx_word' id='word_1_199' title='bbox 325 2795 380 2854; x_wconf 90' lang='lat' dir='ltr'><strong>hoc</strong></span> <span class='ocrx_word' id='word_1_200' title='bbox 401 2795 493 2855; x_wconf 88' lang='lat' dir='ltr'><strong>studio</strong></span> <span class='ocrx_word' id='word_1_201' title='bbox 515 2816 617 2874; x_wconf 91' lang='lat' dir='ltr'><strong>pravus</strong></span> <span class='ocrx_word' id='word_1_202' title='bbox 639 2799 744 2856; x_wconf 86' lang='lat' dir='ltr'><strong>facis.“</strong></span> <span class='ocrx_word' id='word_1_203' title='bbox 784 2798 899 2866; x_wconf 62' lang='lat' dir='ltr'><strong>§Unde</strong></span> 
     </span>
    </p>

    <p class='ocr_par' dir='ltr' id='par_1_4' title="bbox 107 2884 981 3294">
     <span class='ocr_line' id='line_1_31' title="bbox 502 2884 783 2943; baseline -0.014 0"><span class='ocrx_word' id='word_1_204' title='bbox 502 2936 508 2943; x_wconf 93' lang='lat'>.</span> <span class='ocrx_word' id='word_1_205' title='bbox 687 2884 783 2940; x_wconf 86' lang='lat' dir='ltr'><strong>etitum</strong></span> 
     </span>
     <span class='ocr_line' id='line_1_32' title="bbox 108 2900 981 3042; baseline 0.014 -24"><span class='ocrx_word' id='word_1_206' title='bbox 108 2955 169 3019; x_wconf 83' lang='lat' dir='ltr'><strong>Hoc</strong></span> <span class='ocrx_word' id='word_1_207' title='bbox 180 2961 208 3019; x_wconf 91' lang='lat' dir='ltr'><strong>iu</strong></span> <span class='ocrx_word' id='word_1_208' title='bbox 219 2977 264 3018; x_wconf 90' lang='lat' dir='ltr'><strong>me</strong></span> <span class='ocrx_word' id='word_1_209' title='bbox 276 2960 365 3020; x_wconf 85' lang='lat' dir='ltr'><strong>iacis?</strong></span> <span class='ocrx_word' id='word_1_210' title='bbox 382 2961 434 3022; x_wconf 81' lang='lat' dir='ltr'><strong>list</strong></span> <span class='ocrx_word' id='word_1_211' title='bbox 445 2973 542 3023; x_wconf 87' lang='lat' dir='ltr'><strong>auctor</strong></span> <span class='ocrx_word' id='word_1_212' title='bbox 554 2967 616 3042; x_wconf 93' lang='lat' dir='ltr'><strong>quis</strong></span> <span class='ocrx_word' id='word_1_213' title='bbox 628 2900 749 3042; x_wconf 55' lang='lat' dir='ltr'><strong>dedique</strong></span> <span class='ocrx_word' id='word_1_214' title='bbox 762 2982 869 3042; x_wconf 86' lang='lat' dir='ltr'><strong>eorum,</strong></span> <span class='ocrx_word' id='word_1_215' title='bbox 940 2967 981 3030; x_wconf 84' lang='lat'><strong>80</strong></span> 
     </span>
     <span class='ocr_line' id='line_1_33' title="bbox 107 3041 911 3128; baseline 0.01 -27"><span class='ocrx_word' id='word_1_216' title='bbox 107 3041 170 3102; x_wconf 84' lang='lat' dir='ltr'><strong>Vixi</strong></span> <span class='ocrx_word' id='word_1_217' title='bbox 183 3061 245 3102; x_wconf 91' lang='lat' dir='ltr'><strong>eum</strong></span> <span class='ocrx_word' id='word_1_218' title='bbox 259 3042 380 3122; x_wconf 84' lang='lat' dir='ltr'><strong>quibus?</strong></span> <span class='ocrx_word' id='word_1_219' title='bbox 396 3045 548 3106; x_wconf 78' lang='lat' dir='ltr'><strong>Absentem</strong></span> <span class='ocrx_word' id='word_1_220' title='bbox 560 3051 607 3128; x_wconf 92' lang='lat' dir='ltr'><strong>qui</strong></span> <span class='ocrx_word' id='word_1_221' title='bbox 619 3048 692 3108; x_wconf 89' lang='lat' dir='ltr'><strong>rodit</strong></span> <span class='ocrx_word' id='word_1_222' title='bbox 702 3051 830 3126; x_wconf 90' lang='lat' dir='ltr'><strong>amicum,</strong></span> <span class='ocrx_word' id='word_1_223' title='bbox 905 3108 911 3121; x_wconf 41' lang='grc' dir='ltr'><em>Ι</em></span> 
     </span>
     <span class='ocr_line' id='line_1_34' title="bbox 109 3123 719 3208; baseline 0.01 -23"><span class='ocrx_word' id='word_1_224' title='bbox 109 3123 163 3197; x_wconf 82' lang='lat' dir='ltr'><strong>Qui</strong></span> <span class='ocrx_word' id='word_1_225' title='bbox 174 3141 230 3206; x_wconf 85' lang='lat' dir='ltr'><strong>non</strong></span> <span class='ocrx_word' id='word_1_226' title='bbox 242 3127 367 3187; x_wconf 85' lang='lat' dir='ltr'><strong>defendit</strong></span> <span class='ocrx_word' id='word_1_227' title='bbox 377 3128 432 3189; x_wconf 91' lang='lat' dir='ltr'><strong>alio</strong></span> <span class='ocrx_word' id='word_1_228' title='bbox 450 3130 596 3208; x_wconf 85' lang='lat' dir='ltr'><strong>culpante,</strong></span> <span class='ocrx_word' id='word_1_229' title='bbox 610 3132 719 3192; x_wconf 88' lang='lat' dir='ltr'><strong>solutos</strong></span> 
     </span>
     <span class='ocr_line' id='line_1_35' title="bbox 109 3206 795 3294; baseline 0.015 -29"><span class='ocrx_word' id='word_1_230' title='bbox 109 3206 164 3280; x_wconf 82' lang='lat' dir='ltr'><strong>Qui</strong></span> <span class='ocrx_word' id='word_1_231' title='bbox 176 3218 268 3287; x_wconf 82' lang='lat' dir='ltr'><strong>captat</strong></span> <span class='ocrx_word' id='word_1_232' title='bbox 278 3213 351 3274; x_wconf 87' lang='lat' dir='ltr'><strong>risus</strong></span> <span class='ocrx_word' id='word_1_233' title='bbox 362 3213 501 3273; x_wconf 91' lang='lat' dir='ltr'><strong>homiuum</strong></span> <span class='ocrx_word' id='word_1_234' title='bbox 513 3215 668 3294; x_wconf 88' lang='lat' dir='ltr'><strong>famamque</strong></span> <span class='ocrx_word' id='word_1_235' title='bbox 680 3215 795 3290; x_wconf 92' lang='lat' dir='ltr'><strong>dicacis,</strong></span> 
     </span>
    </p>
   </div>
   <div class='ocr_carea' id='block_1_3' title="bbox 107 3289 1012 3458">
    <p class='ocr_par' dir='ltr' id='par_1_5' title="bbox 107 3289 1012 3458">
     <span class='ocr_line' id='line_1_36' title="bbox 107 3289 923 3376; baseline 0.016 -27"><span class='ocrx_word' id='word_1_236' title='bbox 107 3289 231 3369; x_wconf 76' lang='lat' dir='ltr'><strong>Fingere</strong></span> <span class='ocrx_word' id='word_1_237' title='bbox 243 3296 290 3371; x_wconf 94' lang='lat' dir='ltr'><strong>qui</strong></span> <span class='ocrx_word' id='word_1_238' title='bbox 301 3309 357 3354; x_wconf 91' lang='lat' dir='ltr'><strong>nou</strong></span> <span class='ocrx_word' id='word_1_239' title='bbox 367 3298 427 3356; x_wconf 82' lang='lat' dir='ltr'><strong>risa</strong></span> <span class='ocrx_word' id='word_1_240' title='bbox 440 3291 553 3376; x_wconf 81' lang='lat' dir='ltr'><strong>polest,</strong></span> <span class='ocrx_word' id='word_1_241' title='bbox 567 3301 716 3357; x_wconf 87' lang='lat' dir='ltr'><strong>commissa</strong></span> <span class='ocrx_word' id='word_1_242' title='bbox 727 3307 823 3358; x_wconf 86' lang='lat' dir='ltr'><strong>tacere</strong></span> <span class='ocrx_word' id='word_1_243' title='bbox 919 3356 923 3362; x_wconf 16' lang='grc' dir='ltr'><strong>Α</strong></span> 
     </span>
     <span class='ocr_line' id='line_1_37' title="bbox 107 3373 1012 3458; baseline 0.012 -25"><span class='ocrx_word' id='word_1_244' title='bbox 107 3373 164 3447; x_wconf 81' lang='lat' dir='ltr'><strong>Qui</strong></span> <span class='ocrx_word' id='word_1_245' title='bbox 175 3378 286 3454; x_wconf 88' lang='lat' dir='ltr'><strong>nequit:</strong></span> <span class='ocrx_word' id='word_1_246' title='bbox 298 3378 343 3436; x_wconf 89' lang='lat' dir='ltr'><strong>hic</strong></span> <span class='ocrx_word' id='word_1_247' title='bbox 355 3381 436 3457; x_wconf 82' lang='lat' dir='ltr'><strong>niger</strong></span> <span class='ocrx_word' id='word_1_248' title='bbox 445 3389 498 3454; x_wconf 89' lang='lat' dir='ltr'><strong>est,</strong></span> <span class='ocrx_word' id='word_1_249' title='bbox 511 3381 584 3439; x_wconf 89' lang='lat' dir='ltr'><strong>bunc</strong></span> <span class='ocrx_word' id='word_1_250' title='bbox 595 3391 635 3457; x_wconf 89' lang='lat' dir='ltr'><strong>tu,</strong></span> <span class='ocrx_word' id='word_1_251' title='bbox 648 3381 783 3456; x_wconf 83' lang='lat' dir='ltr'><strong>Romane,</strong></span> <span class='ocrx_word' id='word_1_252' title='bbox 796 3389 906 3441; x_wconf 83' lang='lat' dir='ltr'><strong>cavato.</strong></span> <span class='ocrx_word' id='word_1_253' title='bbox 940 3381 993 3444; x_wconf 66' lang='lat'><strong>85·</strong></span> <span class='ocrx_word' id='word_1_254' title='bbox 1008 3440 1012 3458; x_wconf 69' lang='grc'>,</span> 
     </span>
    </p>
   </div>
   <div class='ocr_carea' id='block_1_4' title="bbox 0 0 1138 3878">
    <p class='ocr_par' dir='ltr' id='par_1_6' title="bbox 0 0 1138 3878">
     <span class='ocr_line' id='line_1_38' title="bbox 0 0 1138 3878; baseline 0 3"><span class='ocrx_word' id='word_1_255' title='bbox 0 0 1138 3878; x_wconf 95' lang='lat' dir='ltr'><strong> </strong></span> 
     </span>
    </p>
   </div>
  </div>
 </body>
</html>
