2266 3878
72 280 150 365 eo

420 277 531 345 LIBER
545 278 594 339 lv.

183 432 291 494 Videre
301 430 399 493 Raetis
410 432 485 492 bella
496 431 549 491 sub
560 431 682 509 Alpibus
733 458 742 467 ··

183 516 307 578 Drusum
317 525 464 594 gerentem
472 515 627 584 Vindelici:
641 550 652 563 ·
665 518 767 596 quibus

232 599 298 662 llos
312 599 386 660 uude
398 599 536 660 reduetus
547 616 601 676 per
613 616 697 659 omne

256 724 258 729 .
276 681 400 762 Tempus
410 683 564 742 maronia
579 685 673 743 senorl

183 816 304 878 Dextrae
319 817 462 893 elamet,
476 834 615 895 quaerere
627 815 733 894 distuli,

183 900 244 963 Neo
261 902 336 962 seire
349 901 393 961 las
404 909 449 961 est
459 902 564 970 omnia;
576 931 588 946 ·
599 900 651 959 sel
666 898 712 960 diu

230 982 357 1063 lateque
367 985 501 1045 vlotrioes
512 992 644 1044 catervae

277 1066 412 1130 Consiliis
422 1069 532 1128 iuvenis
543 1069 669 1128 reviotae

184 1193 322 1271 Sensere,
334 1192 402 1273 quid
415 1210 495 1253 mens
505 1193 574 1269 rite,
595 1192 662 1272 qnid
672 1192 782 1253 indoles

184 1275 292 1339 llotrita
303 1278 404 1339 iuuetis
417 1278 470 1337 sub
484 1276 676 1355 penetralibus

232 1359 350 1439 Posset,
364 1359 431 1440 quid
440 1360 562 1438 Augusti
574 1369 706 1439 paternus
768 1394 772 1399 -

274 1442 307 1506 ln
326 1461 431 1524 pueros
442 1446 550 1505 eninm
561 1443 700 1504 Nerones.

183 1570 282 1634 llortes
296 1580 427 1633 creantur
438 1570 559 1632 fortibus
571 1578 599 1630 et
610 1569 712 1638 bonis;

182 1653 233 1717 Est
242 1659 271 1718 ln
284 1658 433 1733 iuveuets‘,
453 1663 498 1715 est
511 1654 543 1714 in'
550 1654 632 1730 equis
643 1661 751 1730 patrum

231 1740 339 1818 Virtus,
350 1757 445 1818 neque
456 1736 598 1799 imbellem
609 1737 724 1797 ierooee

272 1823 465 1903 Progenerant
476 1820 587 1902 aquilae
602 1820 773 1891 columbam

183 1957 316 2021 llootrirn
326 1956 380 2021 soll
389 1958 446 2018 vim
461 1965 610 2036 promovet
622 1957 743 2032 insitam,

184 2040 322 2122 lleothue
333 2041 426 2102 eultus
437 2049 554 2120 pectora
564 2040 713 2101 roborant:

228 2126 380 2205 Utcunque
389 2125 523 2186 deiecere
533 2142 639 2200 mores,

271 2207 441 2271 lotletorant
450 2209 524 2270 bene
538 2218 602 2270 natu
611 2206 723 2286 eulpae.

185 2328 393 2421 Qnitltlebeas,
410 2343 548 2419 ollonae,
564 2341 734 2417 Neronibus,

183 2424 275 2489 Testis
283 2425 439 2488 limorum
451 2426 554 2488 flumen
566 2435 594 2486 et
605 2423 761 2485 Hasdrubal

166 2586 171 2593 1
230 2511 370 2574 Devictus
385 2519 416 2571 et
432 2509 666 2589 pulcherlugatis

270 2592 324 2655 Ille
335 2593 396 2655 dies
407 2592 486 2656 Latio
497 2594 634 2669 tenebris,

185 2725 440 2808 Qui-primusalma
451 2704 513 2789 risit
523 2727 638 2803 adorea,

151 2876 154 2885 ,
181 2808 265 2874 onus
276 2831 329 2893 per
340 2813 424 2875 urbes
435 2812 506 2872 Afer
516 2820 547 2871 ut
556 2810 641 2871 Italas

186 2935 193 2948 =
230 2894 293 2958 Gen
305 2896 412 2959 flamma
423 2914 476 2976 per
485 2896 584 2957 taedas
593 2895 640 2955 vel
648 2893 742 2956 Eurus
759 2901 765 2909 '

274 2978 329 3042 l’er
339 2979 450 3043 stanles
462 2981 598 3061 equitavit
608 2979 706 3040 undas.

179 3102 247 3168 Post
255 3106 313 3192 boo
323 3105 457 3167 secundis
468 3124 560 3185 usque
572 3104 716 3167 laboribus

179 3186 304 3251 Romana
314 3190 405 3269 pubes
415 3191 525 3270 erevit,
544 3191 670 3268 elimpio

152 3312 160 3327 κ
227 3271 342 3335 Vutata
352 3273 511 3334 Poenorum
520 3274 637 3334 tumultu

191 3377 194 3381 ·
268 3354 346 3420 Fauo
356 3358 426 3419 ‹leos
440 3359 564 3432 habuere
577 3366 683 3441 rectos,

80 3431 220 3491 Homul.
