2266 3878
55 267 221 346 liciole]
468 265 577 329 LIBER
589 268 613 331 1.

55 418 144 494 Quem
157 436 208 478 sua
220 416 304 495 culpa
316 425 442 495 premet,
459 394 597 499 deceptas
609 424 707 485 amitte
720 429 805 495 tuerie

55 503 85 565 dt
97 505 212 582 penitus
222 511 329 572 notum,
353 502 377 561 si
388 507 638 582 teutcutcrimiaa,
656 527 754 569 serves

55 586 222 664 faterisque
235 594 285 645 tuo
298 585 429 645 fidentem
445 588 600 664 praesidio:
620 593 668 668 qui

56 671 144 731 bento
155 668 302 729 Theonino
319 687 382 728 cum
393 671 621 751 circumroditur,
634 674 738 753 ecquid

56 755 95 816 id
105 764 136 815 te
149 762 216 832 post
228 753 313 830 paulo
323 762 440 814 ventura
453 755 579 832 pericula
591 755 701 819 sentia?

56 839 123 900 lam
135 847 184 898 tua
195 855 242 897 res
253 839 360 915 agitur,
377 840 471 914 paries
483 857 546 900 cunr
559 843 704 919 proximus
715 843 803 919 ardet,

56 922 86 983 ur
96 921 231 1000 neglecta
243 919 336 981 solent
346 922 475 982 incendia
486 943 598 985 sumere
611 928 698 987 vires.

56 1006 152 1067 balcia
162 1007 317 1082 inexpertis
330 1004 437 1066 cultura
447 1011 572 1085 potentis
584 1012 680 1080 amici;

56 1090 195 1168 Expertus
206 1089 313 1149 metuit.
337 1087 393 1166 Tu,
411 1089 475 1150 dum
486 1101 532 1152 tua
546 1097 625 1155 navis
636 1096 664 1153 in
675 1094 732 1156 alto
747 1103 801 1173 eet,

56 1174 113 1234 lloc
124 1192 197 1251 age,
212 1189 249 1231 ne
261 1180 364 1247 mutata
374 1182 528 1234 retrorsum
540 1186 567 1236 te
579 1178 651 1239 ierat
662 1196 737 1240 aura.

56 1258 180 1318 [iderunt
190 1255 306 1316 hilarem
316 1258 412 1316 tristes
424 1259 590 1339 tristemque
600 1264 705 1339 iocosi,

56 1340 186 1401 Sedatum
201 1337 329 1415 celeres,
345 1339 447 1417 agilem
457 1360 636 1422 gnavumque
647 1350 771 1417 remissi;

56 1424 172 1486 l’otores
184 1422 272 1482 bibuli
283 1422 375 1483 media
387 1423 423 1483 de
435 1433 521 1485 nocte
532 1425 643 1488 Falerni

57 1509 179 1569 [iderunt
190 1516 322 1584 porrecta
335 1518 484 1585 negantem
495 1511 598 1587 pocula
607 1556 619 1589 ,
629 1515 756 1591 quamvis

57 1592 214 1657 lioctumos
225 1592 301 1650 iures
313 1599 341 1650 te
352 1590 502 1653 formidare
513 1612 645 1672 vapores.

57 1677 143 1737 Deme
158 1673 314 1752 supercilio
324 1675 443 1736 nubem:
457 1677 624 1757 plerumque
634 1679 779 1741 modestus

57 1760 183 1838 Occupat
194 1759 308 1819 obscuri
320 1761 463 1837 speciem,
478 1765 630 1823 taciturnus
642 1765 747 1824 acerbi,

57 1843 129 1905 luter
140 1851 241 1903 cuncta
252 1842 335 1920 leges
347 1851 375 1903 et
387 1847 591 1921 percontabere
604 1847 716 1924 doctos,

57 1927 115 2002 Qua
126 1929 237 1987 ratione
253 1945 341 2006 meas
356 1927 504 1989 traducere
519 1931 621 1992 leniter
632 1950 742 2008 aevum,

57 2011 125 2072 llum
138 2019 169 2071 te
181 2028 296 2089 semper
307 2013 390 2091 inops
402 2015 490 2090 agitet
500 2026 644 2095 vexetque
655 2016 769 2096 cupido,

57 2095 125 2156 llum
137 2110 226 2174 pavor
238 2104 266 2154 et
276 2114 369 2155 rerum
377 2096 558 2162 mediocriter
569 2101 677 2161 utilium
688 2116 766 2180 spes,

57 2180 189 2249 Virtutem
204 2179 331 2240 doctriua
343 2190 423 2257 paret
433 2191 566 2242 naturane
579 2185 674 2261 donet,

57 2263 128 2338 Quid
139 2265 245 2323 minuat
257 2281 355 2340 curas,
370 2263 437 2342 quid
449 2273 477 2324 te
488 2266 538 2325 tibi
549 2256 648 2327 reddat
659 2269 788 2343 amicum,

57 2347 129 2422 Quid
139 2365 210 2427 pure
221 2347 398 2426 tranquillet,
414 2348 506 2409 banos
520 2368 554 2409 an
566 2351 649 2410 dulce
660 2350 803 2428 lucellum,

57 2430 95 2492 du
106 2441 250 2492 secretum
262 2433 316 2490 iter
327 2441 355 2491 et
367 2431 490 2493 fallentis
500 2435 601 2495 semita
611 2436 694 2495 vitae.

58 2515 102 2577 lle
116 2518 229 2595 quoties
241 2515 333 2575 reiicit
343 2515 456 2593 gelidus
470 2517 603 2596 Digentia
613 2521 701 2595 rivus,

58 2599 146 2673 Quem
156 2598 286 2660 blandula
297 2599 384 2677 bibit,
399 2619 522 2678 rugosus
533 2602 642 2681 frigore
652 2619 753 2682 pagus,
960 2604 1019 2667 105

58 2683 130 2757 Quid
141 2686 248 2744 sentire
260 2681 364 2761 putas?
386 2684 453 2763 quid
465 2687 573 2763 credis,
587 2688 692 2763 amice,
708 2683 838 2763 precari?

58 2767 94 2827 to
104 2768 190 2845 mibi,
204 2767 281 2846 qaod
295 2785 369 2827 nuuc
380 2777 438 2844 est,
452 2771 534 2829 ctiam
545 2773 652 2847 miuus,
667 2771 771 2829 etmihi
782 2772 874 2830 vivam

58 2850 137 2925 Quod
149 2861 283 2931 superest
295 2854 374 2928 aevi,
387 2853 411 2912 si
426 2853 493 2930 quid
505 2870 659 2933 superesse
669 2852 766 2914 volunt
778 2852 819 2924 di;

58 2935 94 2996 lit
104 2937 182 2997 bona
191 2936 329 2997 librorum
339 2945 367 2994 et
379 2938 510 3014 provisae
524 2938 614 3015 frugis
625 2940 654 2998 in
665 2955 764 2998 anuum

58 3018 159 3098 Sepia,
171 3039 227 3081 neu
238 3019 345 3080 bultem
359 3019 460 3080 dubiae
471 3039 524 3099 spe
539 3021 678 3100 pendulus
689 3020 789 3082 borae!
959 3019 1021 3081 110

58 3102 110 3163 iod
123 3107 194 3165 eatis
206 3114 251 3166 ast
263 3120 344 3164 orare
356 3102 469 3183 lovem,
483 3124 557 3184 quae
571 3105 650 3182 ponit
665 3114 694 3166 et
702 3105 806 3166 aufert:

58 3186 108 3248 let
118 3191 221 3267 atam,
240 3189 288 3249 det
300 3204 391 3267 opes,
404 3207 526 3269 aequum
535 3193 573 3251 mi
583 3192 703 3251 animum
714 3192 777 3266 ipae
791 3186 904 3264 parabo.
