2266 3878
28 289 193 401 [sputus]
438 291 585 355 cluunt.

338 493 583 551 ΕΡῙΒΤΘῙΛ
598 498 673 553 XV.

250 622 299 674 dc
331 622 573 676 NUMONJUM
610 627 765 681 VALAM.

16 781 104 858 Quae
116 783 153 842 sit
164 782 254 842 hiems
265 780 379 859 Veliae,
400 784 478 863 quod
491 784 620 863 coelum,
638 786 722 865 Vela,
740 789 859 868 Saiemi,

16 865 151 942 Quorum
161 865 303 925 hominum
313 868 395 944 regio
406 876 436 927 et
447 867 537 947 qualis
548 871 608 946 via,
621 902 636 914 -
649 890 711 931 nam
722 873 788 933 mihi
803 875 884 936 Baias

13 949 103 1011 Musa
118 966 309 1027 supervacuas
320 948 474 1029 Antonius,
495 961 627 1013 ettamen
640 954 696 1015 iilis

13 1033 67 1094 Me
83 1034 300 1109 taeterrimum,
316 1033 411 1111 gelida
423 1053 486 1094 eum
497 1035 613 1112 perluor
625 1039 696 1098 unda

14 1115 319 1194 Permediumfrigus.
343 1117 417 1177 Sane
428 1128 551 1180 murteta·
561 1121 691 1201 relinqui,

13 1201 163 1281 Dictaque
177 1209 335 1260 cessantem
346 1203 440 1260 neruis
452 1202 559 1262 elidere
570 1205 697 1265 morbum

16 1286 135 1347 Suliura
147 1286 303 1361 contemni,
319 1285 399 1344 vicus
411 1287 512 1363 gemit,
530 1287 640 1348 invidus
651 1293 755 1368 aegris,

18 1369 79 1444 Qui
90 1376 177 1446 caput
188 1376 218 1427 et
229 1367 402 1428 stomachum
413 1385 576 1446 supponere
590 1370 714 1433 tontibus
725 1375 828 1436 audent

17 1452 160 1527 Clusinis,
178 1449 339 1531 Gabiosque
351 1461 450 1529 petunt
461 1462 489 1512 et
499 1452 601 1531 frigida
611 1472 684 1514 rura.

16 1535 169 1598 Mutandus
179 1533 260 1595 locus
276 1545 335 1611 est,
354 1544 382 1595 et
392 1536 547 1596 diversoria
557 1547 624 1598 notu
947 1548 985 1608 10

16 1618 263 1698 Praeteragendus
277 1635 377 1697 equus.
403 1618 492 1696 „Quo
504 1619 617 1680 tendis?
632 1621 696 1681 Non
708 1623 774 1682 mihi
789 1620 891 1685 Cumas

21 1703 98 1783 „Est
108 1706 163 1763 iter
172 1711 218 1764 aut
229 1702 351 1780 Baias,“
368 1703 448 1763 laeva
460 1705 656 1765 stomachosus
667 1705 776 1768 habena
831 1748 835 1761 .
908 1748 914 1762 ,

18 1787 106 1848 Dicet
117 1804 221 1866 eques;
235 1787 288 1846 sed
300 1789 366 1865 equi
392 1788 500 1848 frenato
513 1797 557 1848 est
568 1791 641 1848 auris
655 1791 755 1850 inore.
769 1825 782 1835 -

19 1871 112 1932 Maior
123 1879 213 1931 utrum
223 1870 358 1948 populum
372 1870 501 1933 frumenti
512 1874 595 1951 copia
606 1882 713 1952 pascat,

23 1953 206 2017 dodectosne
221 1954 315 2015 bibant
326 1956 430 2015 imbres
442 1965 580 2034 puteosne
593 1974 732 2035 perennes
945 1966 982 2026 15

21 2038 100 2117 legis
109 2055 217 2118 aquae,
231 2071 245 2081 -
258 2056 321 2098 nam
332 2040 395 2099 rina
406 2038 475 2099 nihii
486 2057 579 2100 moror
589 2040 664 2101 illius
676 2057 752 2101 orae.

22 2121 98 2182 liure
108 2137 174 2182 meo
188 2138 305 2201 pessum
317 2123 427 2200 quidvis
440 2125 567 2201 perferre
582 2127 713 2204 patique;

21 2205 65 2266 dd
76 2223 153 2267 mare
164 2223 227 2266 cum
237 2207 318 2281 veni,
334 2223 507 2283 generosum
516 2218 544 2267 et
557 2207 623 2267 lene
637 2210 762 2287 requiro,

24 2289 108 2362 Quod
118 2307 201 2350 curas
213 2290 322 2367 abigat,
340 2289 492 2368 quodcum
504 2307 557 2368 spe
569 2289 655 2351 divite
670 2301 763 2351 manet

22 2370 153 2434 lurenas
163 2376 340 2451 animumque
352 2392 462 2451 meum,
483 2373 559 2453 quod
569 2374 656 2434 verba
666 2376 814 2452 ministret,
944 2381 984 2442 20

24 2453 107 2530 Quod
116 2475 161 2517 me
175 2457 303 2517 Lucanae
314 2458 445 2518 iuvenem
456 2456 633 2518 commendet
642 2460 759 2518 amicae.
771 2492 784 2502 ·

23 2538 142 2602 Tractus
150 2550 212 2601 uter
220 2540 316 2619 plures
328 2541 458 2619 lepores,
478 2551 541 2601 uter
551 2540 655 2601 educet
670 2556 766 2620 apros,

23 2623 87 2685 Utra
98 2626 188 2703 magis
200 2628 296 2703 pisces
310 2633 340 2685 et
353 2626 471 2686 echinos
482 2641 605 2703 aequora
615 2623 720 2702 celent,

22 2705 135 2785 Pinguis
145 2717 176 2768 ut
185 2707 250 2770 inde
262 2708 373 2769 domum
385 2711 492 2789 possim
502 2707 670 2786 Phaeaxque
681 2711 795 2786 reverti,

24 2790 154 2851 Scribere
163 2799 194 2852 te
205 2793 305 2868 nobis,
325 2792 375 2853 tibi
387 2810 440 2854 nos
453 2792 606 2853 accredere
618 2809 668 2870 par
679 2802 732 2853 est.
943 2797 982 2856 25

24 2872 167 2951 Maenius„
184 2883 214 2935 ut
223 2876 309 2936 rebus
320 2879 450 2937 maternis
462 2885 546 2954 atque
558 2876 682 2953 paternis

21 2955 143 3018 Fortiter
152 2959 285 3020 absumtis
296 2959 417 3020 urbanus
429 2961 526 3038 coepit
539 2959 648 3036 haberi,
670 2960 674 2969 ⁴

23 3041 124 3102 Scurra
134 3060 242 3121 rugus,
256 3060 314 3104 non
325 3045 373 3121 qui
385 3053 492 3103 eertum
502 3059 643 3123 praesepe
653 3051 772 3121 teneret,

22 3122 184 3203 impransus
197 3144 254 3187 non
264 3127 312 3206 qui
324 3127 416 3187 civem
428 3127 609 3207 dignosceret
619 3127 713 3202 hoste,

23 3205 173 3282 Quaelibet
182 3211 211 3270 in
221 3212 349 3289 quemvis
360 3213 513 3292 opprobria
524 3212 632 3288 fingere
645 3228 757 3285 saeuus,
942 3212 983 3272 30

22 3289 167 3355 Pernicies
178 3302 368 3372 ettempestus
379 3296 593 3374 barathrumque
605 3292 726 3369 mucelli,

23 3373 166 3458 Quidquid
177 3379 337 3457 quaesierat
346 3381 436 3441 ventri
451 3379 571 3441 donabat
585 3392 679 3436 avaro.
