2266 3878
420 245 422 248 ’
508 230 768 344 messalinum
876 295 885 306 ’
949 262 1094 363 [epitola]

462 484 709 541 linerolas
725 483 810 539 ΧΠ.

494 586 552 644 AD'
579 593 628 644 10
641 591 773 643 CIUM.

235 713 384 775 Fructibus
398 714 543 792 Agrippae
555 713 676 789 Siculis
698 728 770 790 quos
781 710 914 789 colligis
932 711 1000 811 loci,

235 799 265 858 st
276 807 355 858 recte
366 797 485 874 frueris,
501 814 557 857 non
569 806 653 856 estut
665 799 749 875 copia
761 797 851 855 maior

165 876 167 880 ’
233 881 359 942 Ablove
370 880 467 941 donam
479 883 570 959 possit
581 880 641 939 trbr
665 879 747 940 Tolle
758 878 902 957 querelas

233 965 343 1043 Pauper
354 966 427 1025 enim
437 981 494 1024 non
506 974 565 1039 est,
583 967 627 1022 cui
642 983 734 1023 rerum
748 965 874 1041 suppetit
884 981 962 1022 usus.
991 992 997 1005 ·

191 1050 265 1121 ¹isi
277 1051 367 1109 ventri
379 1048 467 1124 bene,
486 1051 511 1106 sl
524 1049 603 1107 lateri
616 1057 659 1106 est
671 1048 848 1126 pedibusque
859 1046 989 1123 tuis,1nil
1031 1090 1033 1094 .
1075 1122 1079 1128 ,

232 1133 355 1193 Divitiae
367 1140 497 1230 poterunt
506 1131 620 1209 regales
631 1131 735 1191 addere
746 1130 843 1191 maius.

234 1217 264 1276 Si
276 1217 365 1292 lorte,
389 1218 416 1274 in
427 1215 520 1287 medio
536 1217 692 1314 positorum
704 1216 872 1292 abstemius,
892 1214 987 1274 herbis

232 1300 312 1359 Vivis
325 1308 353 1359 et
364 1301 467 1375 urtica
484 1316 526 1358 s1e
536 1318 617 1358 vives
620 1301 796 1383 protinus,
784 1308 815 1358 ut
824 1309 874 1358 te

233 1382 389 1444 confestim
401 1383 523 1462 liquidus
534 1371 696 1443 fortunae
674 1402 750 1444 nvus
761 1386 878 1459 inauret,

170 1469 211 1532 10
230 1466 284 1526 Vel
297 1470 361 1545 quia
375 1476 499 1527 naturam
509 1477 615 1528 mutare
627 1469 746 1545 pecunia
757 1469 895 1543 nescit,

230 1550 285 1610 Vel
300 1553 365 1631 quia
381 1560 480 1610 cuncta
491 1561 572 1629 putas
584 1570 637 1610 una
647 1552 750 1610 virtute
761 1553 877 1611 minora.

230 1634 379 1711 Miramur,
397 1638 421 1693 si
432 1635 586 1695 Democriti
601 1653 689 1713 pecus
704 1635 761 1694 edit
770 1634 882 1711 agellos

231 1717 387 1799 Cultaque,
408 1718 472 1777 dum
483 1736 604 1796 peregre
623 1729 666 1778 est
684 1713 790 1778 animus
802 1721 864 1777 sine
877 1737 998 1799 corpore
1007 1721 1092 1789 velum

231 1801 302 1863 (lum
312 1813 341 1862 tu
352 1805 424 1862 inter
434 1802 558 1862 scabiem
568 1812 671 1862 tantam
683 1812 710 1862 et
722 1805 853 1880 contagia
863 1802 936 1864 lucri
1015 1840 1017 1844 ,

168 1892 207 1953 15
229 1886 276 1947 Nil
288 1904 402 1965 parvum
414 1887 507 1962 sapias
520 1895 548 1945 et
561 1886 652 1946 adhue
664 1886 792 1947 sublimia
804 1905 903 1947 cures:
997 1890 1000 1895 '

230 1969 309 2043 Quae
321 1987 396 2028 mare
409 1979 590 2046 compescant
601 1988 718 2046 causae,
737 1971 804 2049 quid
816 1980 957 2049 temperet
967 1990 1082 2048 annum,-

228 2051 333 2112 Stellae
345 2061 446 2129 sponte
458 2071 508 2111 sua
518 2054 650 2113 iussaene
661 2064 798 2132 vagentur
809 2064 839 2114 et
853 2065 956 2132 errent,

228 2135 302 2209 Quid
315 2145 422 2214 premat
433 2135 584 2196 oltscurum
599 2137 708 2214 lunae,
726 2137 792 2217 quid
804 2139 932 2227 proferat
943 2099 1046 2216 deltam,

228 2219 302 2294 Quid
312 2220 383 2280 velit
394 2229 422 2279 et
433 2223 525 2297 possit
535 2240 627 2281 rerum
639 2223 790 2282 eoncordia
804 2213 932 2300 discors,
1012 2247 1018 2255 ·

63 2370 69 2390 ἱ
165 2311 206 2373 20
225 2302 417 2384 Empedocles
429 2322 462 2364 an
474 2305 634 2365 Stertinium
645 2306 745 2366 deliret
756 2305 894 2366 acumen?

155 2415 156 2418 ¹
225 2388 329 2448 Verum
342 2406 393 2448 seu
404 2390 501 2465 pisces
513 2408 563 2447 seu
576 2404 687 2468 porrum
700 2400 728 2449 et
743 2406 833 2469 caepe
843 2389 979 2468 trucidas,

221 2469 311 2531 litere
323 2471 458 2549 Pompeio
471 2469 657 2573 Grospho,
614 2482 642 2533 et
673 2491 697 2533 ιι
691 2474 777 2552 quid
788 2483 881 2552 petet,
895 2474 969 2535 ultro

223 2553 327 2616 Deler:
344 2555 383 2616 nil
395 2554 580 2634 Grosphus
552 2577 606 2616 nrsr
617 2576 716 2617 verum
726 2558 817 2617 orabit
829 2567 857 2617 et
867 2576 998 2637 aequum
1057 2595 1060 2609 ι

223 2637 294 2697 Vilis
306 2642 458 2699 amicorum
470 2650 515 2700 est
526 2658 649 2718 annona,
667 2643 749 2702 bonis
761 2641 808 2702 ubi
824 2642 891 2721 quid
902 2641 1022 2719 deest·¹
1065 2691 1067 2700 .

162 2723 200 2786 25
223 2721 267 2780 Ne
279 2725 391 2782 tamen
382 2722 513 2801 ignores,
534 2739 591 2804 quo
603 2729 639 2785 sit
649 2726 774 2785 Romana
785 2725 851 2784 loco
863 2744 926 2785 res·
982 2736 984 2740 ’
1001 2773 1003 2777 .

223 2803 363 2866 Cantaber
374 2807 535 2887 Agrippae,
556 2808 654 2870 Claudi
667 2813 769 2870 virtute
780 2809 903 2869 Neronis
958 2868 960 2872 Α
988 2811 991 2815 ’

220 2887 370 2949 Armenius
386 2892 530 2960 cecidit;
521 2911 565 2952 rus
577 2912 781 2972 impenumque
792 2891 924 2953 Phraates
1034 2916 1038 2931 ¹

222 2967 353 3033 Caesaris
367 2976 479 3053 accepit
490 2978 611 3052 gembus
627 2980 730 3048 minor;
745 2994 830 3053 aurea
841 2978 941 3055 fruges
984 3004 988 3008 ·

220 3055 317 3117 Italiae
329 3057 423 3135 pleno
428 3057 553 3118 defundit
566 3059 655 3139 Copia
668 3079 764 3121 eomu.

544 3297 690 3306 ——-——-
