2266 3878
97 256 156 320 lae
458 258 673 319 sauaaauu
767 230 770 235 ’
931 265 992 341 [sa.
1005 262 1027 341 ις

1 459 5 475 .
116 416 155 475 25
179 411 254 484 Quid
264 408 363 470 vetati
378 420 408 470 ut
420 413 515 489 pueris
528 412 593 472 olim
605 412 669 471 dant
682 412 803 473 crustula
815 413 910 474 blandi

89 509 92 516 ·
176 495 329 571 Doctores,
347 494 485 554 elementa
496 496 583 555 velint
594 505 623 555 ut
635 495 746 555 discere
762 499 890 574 prima3-

177 577 234 636 Sed
245 587 337 646 tamen
349 586 442 637 amoto
457 597 622 656 quaeramus
635 581 708 638 scria
719 579 797 639 ludo.

176 659 228 721 llle
240 680 354 740 gravem
365 659 434 721 duro
447 671 549 722 terram
562 665 609 741 qui
619 664 703 722 vertit
714 672 817 741 aratro,
844 713 849 720 .

178 742 337 804 *Perfidus*
348 745 394 804 hic
406 762 506 822 campo
518 745 610 820 miles,
626 755 783 825 nautaeque
796 766 849 826 per
861 766 943 811 omne
998 778 1004 782 ·

113 829 155 890 30
175 827 306 888 Audaces
318 845 394 886 mare
406 828 454 904 qui
466 836 596 904 currunt,
608 828 662 887 hac
672 837 764 888 mente
776 829 905 892 laborem
955 839 957 845 '

176 911 344 987 Seserem,
358 928 441 969 senes
454 920 484 969 ut
494 912 522 969 in
534 912 589 969 otia
601 920 659 970 tuta
669 912 812 989 recedant,

175 994 277 1070 Aiunt,
291 1013 354 1053 cum
368 995 421 1053 sibi
432 996 486 1052 sint
499 1005 634 1070 congesta
646 995 764 1055 cibaria:
779 998 853 1058 sicut

174 1077 290 1138 Parvula
301 1110 312 1122 ·
324 1096 387 1137 nam
402 1076 532 1155 exemplo
550 1086 615 1136 est·
631 1081 722 1155 magni
735 1079 852 1141 formica
863 1081 970 1144 laboris

102 1232 107 1247 Ι
177 1161 233 1221 Ore
243 1163 327 1221 trahit
338 1160 527 1239 quodcunque
542 1170 637 1239 potest
650 1171 733 1240 atque
745 1162 819 1223 addit
828 1183 947 1241 acervo,

112 1247 152 1309 35
177 1245 267 1318 Quem
279 1247 370 1321 struit,
386 1241 462 1303 haud
473 1247 568 1322 ignara
580 1263 613 1304 ac
624 1263 679 1304 non
691 1248 800 1306 incauta
810 1247 906 1308 futuri.

176 1326 265 1403 Quae,
279 1327 359 1387 simul
371 1330 511 1387 inversum
523 1330 668 1388 contristat
678 1328 817 1407 Aquarius
829 1349 940 1410 annum

173 1411 237 1471 Non
249 1430 367 1489 usquam
378 1414 506 1490 prorepit
517 1412 612 1471 stillis
623 1415 708 1471 utitur
723 1422 785 1472 ante
816 1438 819 1442 ·
988 1478 990 1485 s

176 1494 317 1568 Quaesitis
326 1498 450 1575 sapiens,
464 1514 526 1555 cum
537 1505 565 1555 te
576 1514 669 1573 neque
680 1495 804 1557 fervidus
818 1507 914 1559 aestus

120 1636 124 1641 ,
172 1579 427 1656 Demoveatlucro‚
438 1598 532 1658 neque
542 1580 642 1655 hiems,
656 1581 740 1656 ignis,
752 1598 838 1659 mare,
849 1581 965 1661 sermm,

110 1665 151 1728 40
173 1663 219 1723 Nil
232 1665 326 1724 obstet
336 1665 397 1740 tibi,
414 1663 478 1722 dum
493 1683 528 1723 ae
544 1665 579 1722 sit
590 1672 618 1721 te
631 1662 714 1722 ditior
724 1662 804 1723 alter.

174 1746 248 1820 Quid
261 1751 346 1824 iuvat,
358 1750 523 1807 immensum
534 1757 562 1806 te
573 1748 680 1823 argenti
692 1745 800 1824 pondus
816 1757 845 1809 et
855 1752 916 1811 auri

173 1830 279 1891 Furtim
293 1832 407 1892 defossa
418 1831 542 1890 timidum
555 1830 698 1908 deponere
709 1827 804 1889 terra?

174 1921 193 1986 5
209 1915 318 1988 Quodsi
333 1917 513 1989 comminuas,
524 1913 610 1972 vilem
620 1913 762 1992 redigatur
772 1913 807 1973 ad
818 1922 922 1978 assem.

58 2042 61 2046 -
174 1998 239 2066 §At
249 2000 277 2057 ni
288 1997 316 2057 id
327 1998 366 2073 fit,
381 1996 446 2074 quid
460 1997 543 2056 habet
555 1995 663 2074 pulchri
676 2005 854 2061 constructus
864 1992 1002 2062 acervus?

111 2088 149 2150 45
172 2081 260 2142 Millia
271 2081 399 2140 lrumcnti
411 2090 457 2140 tua
468 2082 574 2140 triverit
589 2099 654 2140 area
666 2091 792 2141 centum:
937 2136 942 2145 r

173 2165 236 2226 Nou
247 2174 311 2224 tuus
322 2165 378 2223 hoc
390 2167 483 2242 capiet
493 2173 592 2223 venter
602 2163 666 2241 plus
677 2183 712 2225 ac
723 2183 813 2242 meus,
826 2177 857 2228 ut
870 2171 896 2228 si
929 2186 932 2197 ·

171 2249 330 2309 Reticulum
341 2249 421 2326 panis
431 2248 546 2308 venales
561 2250 633 2308 inter
644 2258 745 2308 onusto

170 2333 256 2394 Forte
271 2333 358 2395 vehas
370 2333 497 2408 humero,
513 2331 600 2403 nihilq
616 2332 679 2409 plus
690 2335 825 2410 accipias,
837 2352 921 2413 quam

172 2415 227 2490 Qui
238 2417 276 2476 nil
288 2418 413 2495 portarit.
435 2416 489 2476 Vel
501 2417 564 2493 dio',
578 2415 645 2493 quid
659 2416 845 2477 relcratintra

108 2506 150 2567 50
170 2500 291 2561 Naturae
303 2502 372 2560 lines
382 2503 497 2576 viventi,
513 2503 609 2578 iugera
622 2508 731 2558 centum
743 2518 778 2559 an
825 2533 828 2539 ·
854 2549 859 2560 ι

170 2584 248 2644 Mille
260 2583 338 2644 aret‘l
352 2583 412 2655 §At
424 2603 511 2644 suave
520 2593 563 2642 est
575 2602 612 2642 cx
622 2583 834 2659 magnotollere
845 2601 961 2646 acervo.

170 2674 189 2738 ‚i
200 2667 272 2727 Ilum
284 2686 321 2728 ex
331 2685 418 2746 parvo
429 2668 510 2727 nobis
521 2665 679 2727 tantundem
691 2666 801 2726 haurire
812 2666 966 2747 relinquas,

97 2759 101 2768 '
171 2751 228 2813 Cur
238 2761 284 2812 tua
299 2752 363 2829 plus
375 2752 472 2812 laudes
485 2752 605 2810 cumeris
617 2752 743 2827 granaria
754 2747 883 2810 nostris?

168 2835 205 2896 Ul
215 2836 266 2894 tibi
277 2838 301 2895 si
312 2838 348 2895 sit
360 2853 432 2913 opus
443 2835 540 2912 liquidi
551 2851 607 2893 non
618 2832 736 2910 amplius
748 2853 814 2894 urna

106 2924 145 2986 55
167 2918 221 2980 Vel
233 2920 345 2996 cyatho,
361 2928 389 2978 et
403 2919 479 2978 dicas
495 2917 621 2993 „Magno
637 2915 672 2974 de
691 2917 803 2976 flumine
814 2916 917 2991 malim,

168 3002 284 3081 „Quam
297 3021 333 3063 ex
343 3003 398 3061 hoc
409 2999 545 3060 fonticulo
557 2998 716 3058 tantundem
727 3003 872 3060 sumere.“
883 2998 928 3059 lto
939 3000 978 3075 lit,

167 3086 281 3153 Plenior
292 3094 321 3144 ut
332 3087 357 3144 si
369 3102 441 3163 quos
453 3082 576 3142 delectet
588 3084 670 3159 copia
681 3085 765 3160 iusto,

167 3171 238 3232 Cum
251 3170 313 3247 ripa
324 3167 405 3228 simul
417 3166 530 3227 avulsos
542 3166 612 3225 lerat
625 3166 742 3226 Aufidus
754 3186 830 3227 acer.

166 3255 203 3315 ,dt
215 3254 264 3333 qui
275 3251 371 3312 tantuli
391 3259 467 3330 eget,
486 3258 587 3328 quanto
600 3259 643 3308 cst
655 3267 737 3328 opus,
751 3253 776 3310 is
786 3271 880 3331 neque
890 3251 958 3312 limo

6 3334 314 3640 ΑΜ
324 3337 415 3397 haurit
423 3353 521 3417 aquam
530 3335 714 3413 ncquevitam
724 3338 822 3396 amittit
833 3340 861 3397 in
872 3337 963 3397 undis.

74 3627 88 3640 .
162 3583 224 3640 ἦ
971 3590 973 3595 ·

426 3755 498 3835 ιι.
