2266 3878
70 297 172 374 lere]
375 291 548 364 tinnuli.

136 446 178 508 Te
188 462 246 507 non
257 447 387 525 paventis
398 447 496 506 iuuere
509 445 616 516 Guliiee

135 529 288 609 Dureeque
298 528 383 588 tellus
395 530 471 590 audit
484 521 626 603 Hiberiae

190 612 232 675 Te
243 612 332 674 euede
347 614 504 701 gaudentes
515 612 662 688 Sygambri

229 693 403 776 Compositis
414 689 584 760 venerentur
593 697 687 757 ermis

370 1022 472 1080 ΜΕ
488 1021 564 1078 XV.

205 1129 380 1185 CAESARiS
397 1129 561 1183 AUGUSTI
579 1129 729 1183 LAUDES.
839 1123 841 1129 ’

138 1243 267 1305 Phoebus
279 1241 422 1302 volentem
433 1240 542 1320 proelia
553 1260 598 1301 me
610 1241 688 1320 loqui

138 1328 234 1389 Victus
246 1336 274 1387 ut
285 1323 371 1386 urbes
382 1327 521 1403 increpuit
530 1323 601 1401 lyra,

187 1410 231 1471 Ne
243 1410 329 1488 pur-'uu
340 1409 513 1485 Tyrrhenum
525 1426 577 1486 per
588 1426 695 1487 aequor

228 1493 300 1555 Vela
311 1492 415 1553 darem.
460 1491 533 1569 Tun,
547 1489 669 1569 Caesar,
683 1502 760 1555 uetes
842 1487 844 1494 ’

140 1618 246 1698 Fruges
258 1626 288 1678 et
297 1619 373 1696 egris
384 1616 479 1678 retulit
490 1600 604 1693 uberes,

139 1701 264 1780 Etrigne
274 1708 373 1762 nostro
383 1704 506 1762 restituit
516 1699 578 1760 lovi

180 1786 306 1863 Derepte
317 1783 479 1846 Parthorum
494 1785 624 1863 superbis
665 1841 670 1858 ,

230 1867 373 1948 Postibus,
386 1879 415 1930 et
423 1888 543 1939 uacuum
555 1869 656 1929 duellis
702 1898 707 1908 x

115 2002 117 2006 “
141 1992 235 2055 lenum
246 1993 356 2068 Quirini
374 1994 486 2072 elausit,
499 2004 528 2057 et
539 1980 681 2056 ordinem'
727 2010 732 2034 ’
861 1984 873 2002 ’

141 2077 258 2138 Reetuin
269 2080 399 2158 evugnntr
410 2079 490 2141 irene
500 2079 632 2140 licentiae
701 2082 704 2087 ’

188 2160 299 2244 lnieeit,
312 2164 474 2243 emovitque
487 2163 586 2242 eulpae

232 2243 271 2306 Et
279 2255 393 2307 veteres
404 2250 549 2308 revocavit
562 2257 647 2325 artes,

141 2368 194 2430 Per
204 2388 275 2450 ques
286 2369 412 2432 Latinum
423 2389 525 2432 nomen
537 2381 566 2430 et
580 2370 666 2432 Italae

111 2490 115 2498 ·
143 2452 306 2516 crevere
277 2473 354 2515 urres
365 2455 494 2535 famaque
507 2465 535 2515 et
553 2458 650 2533 imperi

190 2532 600 2600 Pomeetumniestnsudortus
665 2585 669 2591 ,

236 2621 312 2682 Solis
323 2622 357 2683 ah
369 2621 509 2702 Hesperio
530 2623 624 2683 cubili

144 2744 268 2808 Custode
278 2766 370 2808 rerum
382 2744 506 2808 Caesare
519 2764 575 2808 non
586 2731 701 2808 furor

137 2828 242 2892 civilis
251 2841 299 2893 eut
311 2832 355 2892 vis
367 2833 471 2891 eximet
481 2834 577 2908 etium,

192 2914 257 2976 Non
267 2917 318 2992 ipe,
332 2933 404 2995 quue
416 2915 548 2994 procudit
558 2935 642 2976 enses

233 2996 272 3061 Et
281 3000 399 3060 miserus
409 3001 532 3060 inimicat
542 3000 637 3061 urbes.

144 3125 216 3203 Nun,
230 3126 279 3204 qui
290 3125 458 3204 profundum
468 3124 625 3186 Danubium
637 3127 743 3203 bibunt,

144 3208 243 3271 Edicta
253 3217 383 3287 rumpent
397 3207 478 3284 Iulia,
490 3221 546 3270 nun
558 3208 656 3283 Getae,

195 3293 259 3355 Non
272 3293 358 3353 Seres
376 3292 490 3353 infidive
501 3292 615 3367 Persae,

119 3421 125 3441 0
212 3376 299 3438 ‘Neu
311 3376 414 3438 Tanain
425 3392 517 3456 prope
528 3369 630 3435 flumen
642 3378 704 3435 orti.

686 3715 689 3719 Ι
873 3458 1043 3646 e*
