2304 3876
66 296 176 373 saun]
457 292 599 354 urnnar.
954 292 1014 356 155

137 445 170 506 ln
181 444 379 506 mammarum
389 443 457 503 lassi
469 444 571 505 deiude
581 446 650 506 urbe
661 464 814 521 manemus,

136 529 253 590 binrena
266 528 419 606 praebente
429 527 556 606 domum,
576 527 713 629 Capitone
726 529 854 589 culinam

137 613 255 674 Postera
264 613 312 673 lux
323 614 411 672 oritur
420 610 507 671 multo
519 615 692 690 gratissima:
705 630 844 709 namque

137 696 245 758 Plotius
258 705 287 756 et
297 694 398 755 Varius
411 694 563 754 Sinuessae
573 688 844 774 virgiliusque
974 696 1016 760 40

139 779 296 841 Occurrunt
304 781 446 868 ,animae,
461 777 559 856 quales
569 798 663 858 neque
676 780 852 840 candidiores

138 863 224 924 Terra
235 863 312 937 tulit,
330 852 423 940 neque
439 865 501 939 quis
513 881 557 922 me
570 865 606 922 sit
617 863 773 922 devinctior
784 863 863 923 alter.

139 948 163 1007 0
175 967 223 1026 qur
216 946 399 1024 'complexus
411 955 439 1005 et
448 945 550 1023 gaudm
562 956 662 1025 quanta
674 946 798 1010 iue'runt!

138 1030 184 1092 Nil
196 1047 251 1109 ego
265 1029 430 1090 contulerim
442 1030 563 1089 iucundo
575 1049 658 1090 sanus
670 1033 770 1090 amico.

137 1114 265 1175 Proxima
276 1112 418 1191 Campano
430 1116 509 1190 pontr
520 1097 714 1192 quaemllula,
718 1124 822 1174 tectum
972 1115 1013 1178 45

138 1198 279 1274 Praebuit
293 1206 320 1256 et
332 1197 456 1274 parochi,
474 1215 546 1275 quae
558 1197 660 1257 debent
662 1197 763 1275 l,igna
775 1196 929 1276 salemque.

137 1282 209 1342 lline
219 1279 286 1341 muli
300 1279 415 1358 Capuae
427 1280 545 1340 clitellas
558 1289 685 1361 tempore
701 1290 814 1359 ponunt.

136 1365 240 1426 Lusum
249 1367 271 1423 it
281 1363 447 1439 blaecenas,
463 1364 609 1424 dormitum
621 1364 894 1444 egovirgiliusque:

136 1450 264 1528 Namque
275 1448 331 1526 pila
342 1447 427 1525 lippis
440 1449 578 1506 inimicum
591 1457 619 1506 et
630 1448 728 1507 ludere
740 1448 842 1508 crudis.
865 1472 866 1479 ¹

136 1533 207 1594 Hinc
217 1549 270 1592 nos
283 1529 400 1592 Cocceii
410 1534 512 1609 recipit
523 1531 685 1609 plenissima
694 1531 771 1608 uilla,
857 1570 859 1575 -
971 1533 1012 1595 50

138 1616 218 1691 Quae
229 1634 316 1694 super
327 1624 370 1674 est
382 1613 469 1674 Caudi
482 1632 633 1693 cauponas.
659 1614 740 1674 Nunc
753 1617 820 1675 mibi
832 1617 928 1693 paucis
1076 1617 1078 1620 ⁴

137 1701 273 1760 Sarmenti
286 1717 399 1758 scurrae
409 1716 531 1777 pugnam
541 1697 688 1777 Messique
700 1696 818 1759 Cicirrhi

136 1782 215 1843 illusa
226 1783 311 1842 velim
321 1799 475 1858 memores,
487 1791 516 1842 et
529 1799 585 1861 quo
598 1792 678 1862 patre
688 1784 898 1860 natus'uterque

137 1864 292 1927 Gontnlerit
301 1866 376 1926 lites.
398 1866 486 1926 Messi
498 1867 601 1929 clarum
612 1885 702 1944 genus
715 1866 797 1935 Osci;

136 1951 272 2010 Sarmenti
284 1950 393 2012 demina
406 1959 511 2011 exstat:
526 1951 560 2010 ab
572 1950 616 2010 his
627 1950 779 2012 maioribus
792 1951 845 2008 orti
970 1951 1008 2010 55

135 2032 179 2093 Art
190 2051 311 2112 pugnem
321 2053 437 2095 uenere.
481 2033 561 2094 Prior
573 2035 734 2095 Sarmentus
746 2032 843 2112 „Equi
853 2043 881 2093 te

135 2116 233 2194 „Esse
244 2118 296 2177 feri
311 2118 430 2177 similem
441 2118 541 2179 dieo.“
560 2117 712 2195 Ridemus,
726 2128 754 2177 et
769 2121 833 2195 ipsc

134 2200 257 2261 blessius
265 2201 445 2280 „Accipio,“
457 2211 541 2279 eaput
552 2211 580 2261 et
590 2211 698 2271 movet;
710 2201 770 2277 „0,
782 2210 828 2260 tua
840 2215 926 2259 eomu

91 2352 97 2356 ,
135 2283 195 2362 „lli
205 2285 280 2345 foret
288 2294 405 2346 exsecto
417 2286 531 2360 irons,“
541 2288 630 2363 inquit
638 2284 729 2363 „quid
741 2284 861 2358 iaceres,
876 2302 937 2343 eum

135 2367 208 2444 „Sic
221 2369 333 2428 mutilus
345 2367 520 2429 minitaris?“
540 2368 577 2428 At
592 2368 633 2427 illi
644 2368 729 2428 foeda
743 2369 858 2427 cicatrix
962 2371 1009 2443 60

135 2450 263 2511 Setosanr
275 2453 348 2512 laevi
364 2453 485 2513 frontem
494 2461 654 2529 turpaverat
667 2453 734 2509 oris

135 2531 324 2619 Campanum
315 2555 344 2596 ιη
354 2538 512 2612 morbum,'
504 2556 531 2595 ru
543 2536 644 2594 faciem
656 2532 813 2612 permulta
804 2544 924 2611 uocatus,

132 2606 277 2678 Pastorem
296 2620 409 2680 saltaret
417 2623 458 2680 utr
472 2618 599 2696 Cyclopa
612 2618 742 2695 rogabat:

132 2700 179 2760 Nil
191 2701 232 2761 illi
243 2701 319 2763 larva
333 2713 379 2763 aut
392 2706 507 2780 tragicis
520 2720 592 2780 opus
604 2720 670 2761 esse
683 2701 835 2762 cothurnis.

131 2782 217 2844 blnlta
230 2785 372 2849 Cicirrhus
386 2788 421 2847 ad
433 2789 520 2847 haee:
537 2787 668 2845 donasset
679 2788 769 2859 iamne
780 2795 904 2845 catenam
967 2789 1006 2850 65

128 2866 251 2942 Exvoto
262 2869 395 2947 Laribus,
408 2870 576 2949 quaerebat;
589 2869 681 2929 scriba
697 2867 774 2946 quod
789 2880 875 2946 esset,

130 2949 262 3013 Deterius
275 2953 362 3014 nihilo
374 2954 522 3014 dominae
514 2973 556 3012 rus
568 2971 643 3012 esse.
667 2952 797 3029 Rogabat

130 3033 277 3114 lienique,
291 3055 341 3096 cur
352 3057 471 3117 unquam
483 3037 618 3136 fugisset,
637 3039 682 3096 cui
695 3037 762 3095 satis
775 3056 830 3098 una

131 3113 223 3178 Farris
238 3117 309 3180 libra
320 3121 395 3182 ioret
401 3120 555 3201 ,gracili
532 3130 699 3199 suetamque
712 3121 826 3197 pusillo.

128 3197 247 3263 Pnorsus
257 3204 378 3264 iucunde
390 3222 506 3265 coenam
520 3204 699 3280 producimus
715 3204 799 3263 illam.
965 3209 1006 3270 70

129 3279 279 3348 'l'endimns
308 3288 374 3348 binc
399 3298 477 3374 recta
497 3286 705 3375 beneventum,
737 3288 784 3346 ubi
807 3288 921 3348 sedulus
983 3347 986 3352 .

229 3407 232 3411 -
677 3360 805 3448 hospes
890 3432 891 3435 ,
