<?xml version="1.0" encoding="UTF-8"?>
<!DOCTYPE html PUBLIC "-//W3C//DTD XHTML 1.0 Transitional//EN"
    "http://www.w3.org/TR/xhtml1/DTD/xhtml1-transitional.dtd">
<html xmlns="http://www.w3.org/1999/xhtml" xml:lang="en" lang="en">
 <head>
  <title>
</title>
<meta http-equiv="Content-Type" content="text/html;charset=utf-8" />
  <meta name='ocr-system' content='tesseract 3.04.00' />
  <meta name='ocr-capabilities' content='ocr_page ocr_carea ocr_par ocr_line ocrx_word'/>
</head>
<body>
  <div class='ocr_page' id='page_1' title='image "./qhoratiiflaccio00schmgoog_0028.png"; bbox 0 0 2266 3878; ppageno 0'>
   <div class='ocr_carea' id='block_1_1' title="bbox 81 274 1042 360">
    <p class='ocr_par' dir='ltr' id='par_1_1' title="bbox 81 274 1042 360">
     <span class='ocr_line' id='line_1_1' title="bbox 81 274 1042 360; baseline -0.002 -22"><span class='ocrx_word' id='word_1_1' title='bbox 81 282 149 360; x_wconf 74' lang='lat' dir='ltr'><strong>[ou.</strong></span> <span class='ocrx_word' id='word_1_2' title='bbox 164 285 218 353; x_wconf 77' lang='lat' dir='ltr'><strong>uu]</strong></span> <span class='ocrx_word' id='word_1_3' title='bbox 493 274 603 336; x_wconf 77' lang='lat' dir='ltr'><strong>uiuus</strong></span> <span class='ocrx_word' id='word_1_4' title='bbox 616 275 639 335; x_wconf 89' lang='lat'><strong>1.</strong></span> <span class='ocrx_word' id='word_1_5' title='bbox 780 318 784 324; x_wconf 93' lang='lat'>.</span> <span class='ocrx_word' id='word_1_6' title='bbox 1001 274 1042 336; x_wconf 87' lang='lat'><strong>11</strong></span> 
     </span>
    </p>
   </div>
   <div class='ocr_carea' id='block_1_2' title="bbox 110 427 1042 757">
    <p class='ocr_par' dir='ltr' id='par_1_2' title="bbox 125 427 1042 590">
     <span class='ocr_line' id='line_1_2' title="bbox 126 427 1042 506; baseline -0.007 -17"><span class='ocrx_word' id='word_1_7' title='bbox 126 430 292 505; x_wconf 81' lang='lat' dir='ltr'><strong>Quaecunc</strong></span> <span class='ocrx_word' id='word_1_8' title='bbox 307 429 447 506; x_wconf 80' lang='lat' dir='ltr'><strong>oppositis</strong></span> <span class='ocrx_word' id='word_1_9' title='bbox 462 427 587 488; x_wconf 77' lang='lat' dir='ltr'><strong>debilitat</strong></span> <span class='ocrx_word' id='word_1_10' title='bbox 599 427 754 506; x_wconf 82' lang='lat' dir='ltr'><strong>pumicibus</strong></span> <span class='ocrx_word' id='word_1_11' title='bbox 765 443 841 485; x_wconf 84' lang='lat' dir='ltr'><strong>mere</strong></span> <span class='ocrx_word' id='word_1_12' title='bbox 1023 428 1042 489; x_wconf 82' lang='lat' dir='ltr'><strong>b</strong></span> 
     </span>
     <span class='ocr_line' id='line_1_3' title="bbox 125 509 870 590; baseline -0.007 -18"><span class='ocrx_word' id='word_1_13' title='bbox 125 511 313 590; x_wconf 75' lang='lat' dir='ltr'><strong>Tyrrhenum:</strong></span> <span class='ocrx_word' id='word_1_14' title='bbox 334 513 438 588; x_wconf 80' lang='lat' dir='ltr'><strong>sapius,</strong></span> <span class='ocrx_word' id='word_1_15' title='bbox 450 513 514 577; x_wconf 79' lang='lat' dir='ltr'><strong>uina</strong></span> <span class='ocrx_word' id='word_1_16' title='bbox 529 511 632 589; x_wconf 83' lang='lat' dir='ltr'><strong>liques,</strong></span> <span class='ocrx_word' id='word_1_17' title='bbox 648 519 675 570; x_wconf 78' lang='lat' dir='ltr'><strong>ei</strong></span> <span class='ocrx_word' id='word_1_18' title='bbox 688 511 779 586; x_wconf 79' lang='lat' dir='ltr'><strong>spatio</strong></span> <span class='ocrx_word' id='word_1_19' title='bbox 791 509 870 568; x_wconf 82' lang='lat' dir='ltr'><strong>brevi</strong></span> 
     </span>
    </p>

    <p class='ocr_par' dir='ltr' id='par_1_3' title="bbox 110 590 970 757">
     <span class='ocr_line' id='line_1_4' title="bbox 110 590 970 676; baseline -0.006 -19"><span class='ocrx_word' id='word_1_20' title='bbox 110 596 213 676; x_wconf 82' lang='lat' dir='ltr'><strong>&#39;Spem</strong></span> <span class='ocrx_word' id='word_1_21' title='bbox 223 595 337 672; x_wconf 80' lang='lat' dir='ltr'><strong>longam</strong></span> <span class='ocrx_word' id='word_1_22' title='bbox 348 599 482 654; x_wconf 58' lang='lat' dir='ltr'><strong>reseces(</strong></span> <span class='ocrx_word' id='word_1_23' title='bbox 502 594 575 654; x_wconf 87' lang='lat' dir='ltr'><strong>Dum</strong></span> <span class='ocrx_word' id='word_1_24' title='bbox 591 594 742 671; x_wconf 83' lang='lat' dir='ltr'><strong>loquimur,</strong></span> <span class='ocrx_word' id='word_1_25' title='bbox 758 593 863 671; x_wconf 78' lang='lat' dir='ltr'><strong>fugerit</strong></span> <span class='ocrx_word' id='word_1_26' title='bbox 877 590 970 652; x_wconf 75' lang='lat' dir='ltr'><strong>invide</strong></span> 
     </span>
     <span class='ocr_line' id='line_1_5' title="bbox 124 675 947 757; baseline -0.009 -16"><span class='ocrx_word' id='word_1_27' title='bbox 124 680 227 741; x_wconf 74' lang='lat' dir='ltr'><strong>Aetas:</strong></span> <span class='ocrx_word' id='word_1_28' title='bbox 240 696 326 757; x_wconf 84' lang='lat' dir='ltr'><strong>serpe</strong></span> <span class='ocrx_word' id='word_1_29' title='bbox 338 678 422 755; x_wconf 82' lang='lat' dir='ltr'><strong>diem,</strong></span> <span class='ocrx_word' id='word_1_30' title='bbox 436 696 518 756; x_wconf 81' lang='lat' dir='ltr'><strong>quum</strong></span> <span class='ocrx_word' id='word_1_31' title='bbox 536 681 677 737; x_wconf 87' lang='lat' dir='ltr'><strong>minimum</strong></span> <span class='ocrx_word' id='word_1_32' title='bbox 690 675 804 736; x_wconf 82' lang='lat' dir='ltr'><strong>credula</strong></span> <span class='ocrx_word' id='word_1_33' title='bbox 818 684 947 754; x_wconf 80' lang='lat' dir='ltr'><strong>postero.</strong></span> 
     </span>
    </p>
   </div>
   <div class='ocr_carea' id='block_1_3' title="bbox 491 873 639 883">
    <p class='ocr_par' dir='ltr' id='par_1_4' title="bbox 491 873 639 883">
     <span class='ocr_line' id='line_1_6' title="bbox 491 873 639 883; baseline 0 -1"><span class='ocrx_word' id='word_1_34' title='bbox 491 873 639 883; x_wconf 77' lang='lat'><strong>--—-—-</strong></span> 
     </span>
    </p>
   </div>
   <div class='ocr_carea' id='block_1_4' title="bbox 315 988 806 1165">
    <p class='ocr_par' dir='ltr' id='par_1_5' title="bbox 315 988 806 1165">
     <span class='ocr_line' id='line_1_7' title="bbox 463 988 782 1078; baseline -0.006 -18"><span class='ocrx_word' id='word_1_35' title='bbox 463 1004 563 1060; x_wconf 82' lang='lat' dir='ltr'><strong>ome</strong></span> <span class='ocrx_word' id='word_1_36' title='bbox 578 1005 664 1059; x_wconf 85' lang='lat' dir='ltr'><strong>xu.</strong></span> <span class='ocrx_word' id='word_1_37' title='bbox 687 988 782 1078; x_wconf 63' lang='lat' dir='ltr'><strong>{bob</strong></span> 
     </span>
     <span class='ocr_line' id='line_1_8' title="bbox 315 1111 806 1165; baseline 0 -1"><span class='ocrx_word' id='word_1_38' title='bbox 315 1111 573 1165; x_wconf 67' lang='lat' dir='ltr'><strong>successuum</strong></span> <span class='ocrx_word' id='word_1_39' title='bbox 591 1111 806 1165; x_wconf 70' lang='lat' dir='ltr'><strong>sucessum.</strong></span> 
     </span>
    </p>
   </div>
   <div class='ocr_carea' id='block_1_5' title="bbox 232 1218 800 1555">
    <p class='ocr_par' dir='ltr' id='par_1_6' title="bbox 233 1218 783 1299">
     <span class='ocr_line' id='line_1_9' title="bbox 233 1218 783 1299; baseline -0.005 -14"><span class='ocrx_word' id='word_1_40' title='bbox 233 1224 324 1298; x_wconf 84' lang='lat' dir='ltr'><strong>Quem</strong></span> <span class='ocrx_word' id='word_1_41' title='bbox 334 1225 424 1284; x_wconf 74' lang='lat' dir='ltr'><strong>virum</strong></span> <span class='ocrx_word' id='word_1_42' title='bbox 436 1232 484 1282; x_wconf 81' lang='lat' dir='ltr'><strong>uui</strong></span> <span class='ocrx_word' id='word_1_43' title='bbox 493 1223 581 1282; x_wconf 85' lang='lat' dir='ltr'><strong>heroa</strong></span> <span class='ocrx_word' id='word_1_44' title='bbox 593 1222 652 1299; x_wconf 78' lang='lat' dir='ltr'>lyra</span> <span class='ocrx_word' id='word_1_45' title='bbox 664 1218 710 1283; x_wconf 88' lang='lat' dir='ltr'><strong>vel</strong></span> <span class='ocrx_word' id='word_1_46' title='bbox 725 1225 783 1283; x_wconf 81' lang='lat' dir='ltr'><strong>ucri</strong></span> 
     </span>
    </p>

    <p class='ocr_par' dir='ltr' id='par_1_7' title="bbox 232 1304 800 1382">
     <span class='ocr_line' id='line_1_10' title="bbox 232 1304 800 1382; baseline -0.005 -14"><span class='ocrx_word' id='word_1_47' title='bbox 232 1306 313 1369; x_wconf 84' lang='lat' dir='ltr'><strong>Tibia</strong></span> <span class='ocrx_word' id='word_1_48' title='bbox 329 1309 416 1368; x_wconf 89' lang='lat' dir='ltr'><strong>sumis</strong></span> <span class='ocrx_word' id='word_1_49' title='bbox 428 1305 586 1382; x_wconf 81' lang='lat' dir='ltr'><strong>celebrare,</strong></span> <span class='ocrx_word' id='word_1_50' title='bbox 601 1304 686 1366; x_wconf 79' lang='lat' dir='ltr'><strong>Clio?</strong></span> <span class='ocrx_word' id='word_1_51' title='bbox 798 1336 800 1345; x_wconf 93' lang='lat'>·</span> 
     </span>
    </p>

    <p class='ocr_par' dir='ltr' id='par_1_8' title="bbox 232 1387 788 1555">
     <span class='ocr_line' id='line_1_11' title="bbox 232 1387 788 1466; baseline -0.004 -15"><span class='ocrx_word' id='word_1_52' title='bbox 232 1391 325 1466; x_wconf 78' lang='lat' dir='ltr'><strong>Quem</strong></span> <span class='ocrx_word' id='word_1_53' title='bbox 339 1387 443 1451; x_wconf 81' lang='lat' dir='ltr'><strong>deum?</strong></span> <span class='ocrx_word' id='word_1_54' title='bbox 469 1388 556 1450; x_wconf 82' lang='lat' dir='ltr'><strong>Cuius</strong></span> <span class='ocrx_word' id='word_1_55' title='bbox 567 1393 676 1450; x_wconf 73' lang='lat' dir='ltr'><strong>recinet</strong></span> <span class='ocrx_word' id='word_1_56' title='bbox 687 1393 788 1451; x_wconf 85' lang='lat' dir='ltr'><strong>iocosa</strong></span> 
     </span>
     <span class='ocr_line' id='line_1_12' title="bbox 281 1473 499 1555; baseline -0.014 -21"><span class='ocrx_word' id='word_1_57' title='bbox 281 1473 393 1555; x_wconf 80' lang='lat' dir='ltr'><strong>Nomen</strong></span> <span class='ocrx_word' id='word_1_58' title='bbox 405 1475 499 1549; x_wconf 77' lang='lat' dir='ltr'><strong>imago</strong></span> 
     </span>
    </p>
   </div>
   <div class='ocr_carea' id='block_1_6' title="bbox 230 1595 1042 1924">
    <p class='ocr_par' dir='ltr' id='par_1_9' title="bbox 230 1595 1042 1825">
     <span class='ocr_line' id='line_1_13' title="bbox 230 1595 1042 1670; baseline 0 -14"><span class='ocrx_word' id='word_1_59' title='bbox 230 1596 289 1657; x_wconf 75' lang='lat' dir='ltr'><strong>Aut</strong></span> <span class='ocrx_word' id='word_1_60' title='bbox 298 1598 328 1655; x_wconf 89' lang='lat' dir='ltr'><strong>in</strong></span> <span class='ocrx_word' id='word_1_61' title='bbox 341 1596 481 1655; x_wconf 89' lang='lat' dir='ltr'><strong>umbrosis</strong></span> <span class='ocrx_word' id='word_1_62' title='bbox 493 1595 640 1654; x_wconf 85' lang='lat' dir='ltr'><strong>Heliconis</strong></span> <span class='ocrx_word' id='word_1_63' title='bbox 655 1598 723 1670; x_wconf 75' lang='lat' dir='ltr'><strong>oris,</strong></span> <span class='ocrx_word' id='word_1_64' title='bbox 1024 1595 1042 1656; x_wconf 80' lang='lat' dir='ltr'><strong>b</strong></span> 
     </span>
     <span class='ocr_line' id='line_1_14' title="bbox 231 1675 822 1757; baseline -0.003 -17"><span class='ocrx_word' id='word_1_65' title='bbox 231 1680 289 1740; x_wconf 80' lang='lat' dir='ltr'><strong>Aut</strong></span> <span class='ocrx_word' id='word_1_66' title='bbox 300 1696 388 1757; x_wconf 84' lang='lat' dir='ltr'><strong>super</strong></span> <span class='ocrx_word' id='word_1_67' title='bbox 402 1677 490 1739; x_wconf 88' lang='lat' dir='ltr'><strong>Pindo</strong></span> <span class='ocrx_word' id='word_1_68' title='bbox 502 1679 637 1756; x_wconf 79' lang='lat' dir='ltr'>gelidove</span> <span class='ocrx_word' id='word_1_69' title='bbox 652 1681 680 1738; x_wconf 86' lang='lat' dir='ltr'><strong>in</strong></span> <span class='ocrx_word' id='word_1_70' title='bbox 694 1675 822 1757; x_wconf 80' lang='lat' dir='ltr'><strong>Heemo&#39;i</strong></span> 
     </span>
     <span class='ocr_line' id='line_1_15' title="bbox 232 1761 730 1825; baseline -0.004 0"><span class='ocrx_word' id='word_1_71' title='bbox 232 1762 312 1825; x_wconf 85' lang='lat' dir='ltr'>Unde</span> <span class='ocrx_word' id='word_1_72' title='bbox 322 1761 452 1822; x_wconf 78' lang='lat' dir='ltr'>vocalem</span> <span class='ocrx_word' id='word_1_73' title='bbox 465 1771 573 1822; x_wconf 81' lang='lat' dir='ltr'><strong>temere</strong></span> <span class='ocrx_word' id='word_1_74' title='bbox 584 1765 730 1823; x_wconf 81' lang='lat' dir='ltr'><strong>insecutae</strong></span> 
     </span>
    </p>

    <p class='ocr_par' dir='ltr' id='par_1_10' title="bbox 283 1845 516 1924">
     <span class='ocr_line' id='line_1_16' title="bbox 283 1845 516 1924; baseline -0.004 -18"><span class='ocrx_word' id='word_1_75' title='bbox 283 1845 396 1924; x_wconf 79' lang='lat' dir='ltr'><strong>Orphea</strong></span> <span class='ocrx_word' id='word_1_76' title='bbox 415 1846 516 1922; x_wconf 82' lang='lat' dir='ltr'><strong>silvae,</strong></span> 
     </span>
    </p>
   </div>
   <div class='ocr_carea' id='block_1_7' title="bbox 231 1970 1045 2298">
    <p class='ocr_par' dir='ltr' id='par_1_11' title="bbox 232 1970 731 2048">
     <span class='ocr_line' id='line_1_17' title="bbox 232 1970 731 2048; baseline -0.002 -17"><span class='ocrx_word' id='word_1_77' title='bbox 232 1970 301 2031; x_wconf 79' lang='lat' dir='ltr'><strong>Arte</strong></span> <span class='ocrx_word' id='word_1_78' title='bbox 312 1979 436 2030; x_wconf 81' lang='lat' dir='ltr'><strong>materna</strong></span> <span class='ocrx_word' id='word_1_79' title='bbox 446 1970 562 2048; x_wconf 82' lang='lat' dir='ltr'><strong>rapidos</strong></span> <span class='ocrx_word' id='word_1_80' title='bbox 576 1981 731 2031; x_wconf 76' lang='lat' dir='ltr'><strong>morantem</strong></span> 
     </span>
    </p>

    <p class='ocr_par' dir='ltr' id='par_1_12' title="bbox 231 2052 1045 2133">
     <span class='ocr_line' id='line_1_18' title="bbox 231 2052 1045 2133; baseline 0.001 -19"><span class='ocrx_word' id='word_1_81' title='bbox 231 2053 387 2114; x_wconf 87' lang='lat' dir='ltr'><strong>Flumiuum</strong></span> <span class='ocrx_word' id='word_1_82' title='bbox 396 2052 494 2131; x_wconf 80' lang='lat' dir='ltr'><strong>lapsus</strong></span> <span class='ocrx_word' id='word_1_83' title='bbox 506 2054 675 2133; x_wconf 85' lang='lat' dir='ltr'><strong>celeresque</strong></span> <span class='ocrx_word' id='word_1_84' title='bbox 686 2063 799 2129; x_wconf 84' lang='lat' dir='ltr'><strong>ventos,</strong></span> <span class='ocrx_word' id='word_1_85' title='bbox 1004 2053 1045 2116; x_wconf 90' lang='lat'><strong>10</strong></span> 
     </span>
    </p>

    <p class='ocr_par' dir='ltr' id='par_1_13' title="bbox 232 2133 872 2298">
     <span class='ocr_line' id='line_1_19' title="bbox 232 2133 872 2198; baseline -0.003 0"><span class='ocrx_word' id='word_1_86' title='bbox 232 2137 367 2198; x_wconf 81' lang='lat' dir='ltr'><strong>Blandum</strong></span> <span class='ocrx_word' id='word_1_87' title='bbox 378 2147 407 2197; x_wconf 78' lang='lat' dir='ltr'><strong>et</strong></span> <span class='ocrx_word' id='word_1_88' title='bbox 417 2141 522 2198; x_wconf 82' lang='lat' dir='ltr'><strong>auritus</strong></span> <span class='ocrx_word' id='word_1_89' title='bbox 536 2138 637 2198; x_wconf 88' lang='lat' dir='ltr'><strong>iidibus</strong></span> <span class='ocrx_word' id='word_1_90' title='bbox 648 2140 760 2198; x_wconf 85' lang='lat' dir='ltr'><strong>canoris</strong></span> <span class='ocrx_word' id='word_1_91' title='bbox 867 2133 872 2144; x_wconf 80' lang='grc'><strong>“</strong></span> 
     </span>
     <span class='ocr_line' id='line_1_20' title="bbox 281 2221 541 2298; baseline 0.004 -19"><span class='ocrx_word' id='word_1_92' title='bbox 281 2221 396 2280; x_wconf 77' lang='lat' dir='ltr'><strong>Ducere</strong></span> <span class='ocrx_word' id='word_1_93' title='bbox 408 2238 541 2298; x_wconf 82' lang='lat' dir='ltr'><strong>quercus.</strong></span> 
     </span>
    </p>
   </div>
   <div class='ocr_carea' id='block_1_8' title="bbox 214 2343 1043 2671">
    <p class='ocr_par' dir='ltr' id='par_1_14' title="bbox 214 2343 1043 2671">
     <span class='ocr_line' id='line_1_21' title="bbox 214 2343 742 2423; baseline -0.002 -19"><span class='ocrx_word' id='word_1_94' title='bbox 214 2396 215 2404; x_wconf 73' lang='grc'>,</span> <span class='ocrx_word' id='word_1_95' title='bbox 232 2343 305 2417; x_wconf 85' lang='lat' dir='ltr'><strong>Quid</strong></span> <span class='ocrx_word' id='word_1_96' title='bbox 321 2346 399 2421; x_wconf 84' lang='lat' dir='ltr'><strong>prius</strong></span> <span class='ocrx_word' id='word_1_97' title='bbox 413 2344 503 2404; x_wconf 81' lang='lat' dir='ltr'><strong>dicam</strong></span> <span class='ocrx_word' id='word_1_98' title='bbox 514 2344 606 2405; x_wconf 80' lang='lat' dir='ltr'><strong>solitis</strong></span> <span class='ocrx_word' id='word_1_99' title='bbox 619 2347 742 2423; x_wconf 78' lang='lat' dir='ltr'><strong>parentis</strong></span> 
     </span>
     <span class='ocr_line' id='line_1_22' title="bbox 231 2426 851 2507; baseline 0 -21"><span class='ocrx_word' id='word_1_100' title='bbox 231 2426 382 2501; x_wconf 69' lang='lat' dir='ltr'><strong>leudibus,</strong></span> <span class='ocrx_word' id='word_1_101' title='bbox 397 2429 443 2504; x_wconf 85' lang='lat' dir='ltr'><strong>qui</strong></span> <span class='ocrx_word' id='word_1_102' title='bbox 459 2445 507 2487; x_wconf 91' lang='lat' dir='ltr'><strong>res</strong></span> <span class='ocrx_word' id='word_1_103' title='bbox 520 2430 707 2488; x_wconf 79' lang='lat' dir='ltr'><strong>hominumue</strong></span> <span class='ocrx_word' id='word_1_104' title='bbox 724 2428 851 2507; x_wconf 84' lang='lat' dir='ltr'><strong>deorum,</strong></span> 
     </span>
     <span class='ocr_line' id='line_1_23' title="bbox 235 2507 1043 2590; baseline 0.004 -22"><span class='ocrx_word' id='word_1_105' title='bbox 235 2507 291 2582; x_wconf 82' lang='lat' dir='ltr'><strong>Qui</strong></span> <span class='ocrx_word' id='word_1_106' title='bbox 302 2527 378 2569; x_wconf 82' lang='lat' dir='ltr'><strong>mare</strong></span> <span class='ocrx_word' id='word_1_107' title='bbox 394 2527 428 2569; x_wconf 82' lang='lat' dir='ltr'><strong>ue</strong></span> <span class='ocrx_word' id='word_1_108' title='bbox 442 2519 531 2570; x_wconf 78' lang='lat' dir='ltr'><strong>terras</strong></span> <span class='ocrx_word' id='word_1_109' title='bbox 544 2514 687 2590; x_wconf 81' lang='lat' dir='ltr'><strong>variisque</strong></span> <span class='ocrx_word' id='word_1_110' title='bbox 699 2510 829 2571; x_wconf 87' lang='lat' dir='ltr'><strong>mundum</strong></span> <span class='ocrx_word' id='word_1_111' title='bbox 1004 2513 1043 2577; x_wconf 77' lang='lat'><strong>16</strong></span> 
     </span>
     <span class='ocr_line' id='line_1_24' title="bbox 284 2590 544 2671; baseline 0 -19"><span class='ocrx_word' id='word_1_112' title='bbox 284 2590 435 2671; x_wconf 77' lang='lat' dir='ltr'><strong>Temperat</strong></span> <span class='ocrx_word' id='word_1_113' title='bbox 445 2591 544 2652; x_wconf 81' lang='lat' dir='ltr'><strong>horis?</strong></span> 
     </span>
    </p>
   </div>
   <div class='ocr_carea' id='block_1_9' title="bbox 228 2716 886 3029">
    <p class='ocr_par' dir='ltr' id='par_1_15' title="bbox 231 2716 715 2796">
     <span class='ocr_line' id='line_1_25' title="bbox 231 2716 715 2796; baseline -0.002 -17"><span class='ocrx_word' id='word_1_114' title='bbox 231 2716 312 2779; x_wconf 87' lang='lat' dir='ltr'><strong>Unde</strong></span> <span class='ocrx_word' id='word_1_115' title='bbox 323 2718 463 2779; x_wconf 77' lang='lat' dir='ltr'><strong>niizmuius</strong></span> <span class='ocrx_word' id='word_1_116' title='bbox 474 2727 627 2796; x_wconf 82' lang='lat' dir='ltr'><strong>generatur</strong></span> <span class='ocrx_word' id='word_1_117' title='bbox 638 2719 715 2795; x_wconf 86' lang='lat' dir='ltr'><strong>ipso,</strong></span> 
     </span>
    </p>

    <p class='ocr_par' dir='ltr' id='par_1_16' title="bbox 228 2800 886 2881">
     <span class='ocr_line' id='line_1_26' title="bbox 228 2800 886 2881; baseline 0 -20"><span class='ocrx_word' id='word_1_118' title='bbox 228 2800 293 2861; x_wconf 83' lang='lat' dir='ltr'><strong>Nec</strong></span> <span class='ocrx_word' id='word_1_119' title='bbox 304 2803 385 2880; x_wconf 78' lang='lat' dir='ltr'><strong>viget</strong></span> <span class='ocrx_word' id='word_1_120' title='bbox 396 2803 547 2881; x_wconf 82' lang='lat' dir='ltr'><strong>quidquam</strong></span> <span class='ocrx_word' id='word_1_121' title='bbox 559 2801 651 2861; x_wconf 84' lang='lat' dir='ltr'><strong>simile</strong></span> <span class='ocrx_word' id='word_1_122' title='bbox 663 2810 710 2861; x_wconf 77' lang='lat' dir='ltr'><strong>cut</strong></span> <span class='ocrx_word' id='word_1_123' title='bbox 722 2800 886 2863; x_wconf 82' lang='lat' dir='ltr'><strong>secundum.</strong></span> 
     </span>
    </p>

    <p class='ocr_par' dir='ltr' id='par_1_17' title="bbox 230 2881 831 3029">
     <span class='ocr_line' id='line_1_27' title="bbox 230 2881 831 2964; baseline 0.003 -20"><span class='ocrx_word' id='word_1_124' title='bbox 230 2881 376 2944; x_wconf 84' lang='lat' dir='ltr'><strong>Proximos</strong></span> <span class='ocrx_word' id='word_1_125' title='bbox 389 2885 429 2945; x_wconf 85' lang='lat' dir='ltr'><strong>iiii</strong></span> <span class='ocrx_word' id='word_1_126' title='bbox 439 2895 532 2946; x_wconf 76' lang='lat' dir='ltr'><strong>iumen</strong></span> <span class='ocrx_word' id='word_1_127' title='bbox 547 2886 698 2964; x_wconf 83' lang='lat' dir='ltr'><strong>occupavit</strong></span> <span class='ocrx_word' id='word_1_128' title='bbox 827 2900 831 2907; x_wconf 84' lang='grc'><strong>’</strong></span> 
     </span>
     <span class='ocr_line' id='line_1_28' title="bbox 281 2967 509 3029; baseline 0.009 -2"><span class='ocrx_word' id='word_1_129' title='bbox 281 2967 371 3028; x_wconf 79' lang='lat' dir='ltr'><strong>Pullus</strong></span> <span class='ocrx_word' id='word_1_130' title='bbox 385 2970 509 3029; x_wconf 83' lang='lat' dir='ltr'><strong>honores</strong></span> 
     </span>
    </p>
   </div>
   <div class='ocr_carea' id='block_1_10' title="bbox 156 3088 723 3427">
    <p class='ocr_par' dir='ltr' id='par_1_18' title="bbox 156 3088 723 3427">
     <span class='ocr_line' id='line_1_29' title="bbox 229 3088 723 3176; baseline 0.018 -26"><span class='ocrx_word' id='word_1_131' title='bbox 229 3088 348 3151; x_wconf 85' lang='lat' dir='ltr'><strong>Proeliis</strong></span> <span class='ocrx_word' id='word_1_132' title='bbox 360 3091 462 3159; x_wconf 74' lang='lat' dir='ltr'><strong>auduus</strong></span> <span class='ocrx_word' id='word_1_133' title='bbox 475 3109 567 3170; x_wconf 86' lang='lat' dir='ltr'><strong>neque</strong></span> <span class='ocrx_word' id='word_1_134' title='bbox 580 3105 607 3154; x_wconf 79' lang='lat' dir='ltr'><strong>te</strong></span> <span class='ocrx_word' id='word_1_135' title='bbox 621 3098 723 3176; x_wconf 85' lang='lat' dir='ltr'><strong>silebo,</strong></span> 
     </span>
     <span class='ocr_line' id='line_1_30' title="bbox 208 3172 689 3255; baseline 0.01 -23"><span class='ocrx_word' id='word_1_136' title='bbox 208 3229 214 3232; x_wconf 79' lang='grc'><strong><em>.</em></strong></span> <span class='ocrx_word' id='word_1_137' title='bbox 229 3172 323 3251; x_wconf 82' lang='lat' dir='ltr'><strong>Liber,</strong></span> <span class='ocrx_word' id='word_1_138' title='bbox 339 3185 367 3236; x_wconf 80' lang='lat' dir='ltr'><strong>oo</strong></span> <span class='ocrx_word' id='word_1_139' title='bbox 378 3178 473 3236; x_wconf 82' lang='lat' dir='ltr'><strong>saeuis</strong></span> <span class='ocrx_word' id='word_1_140' title='bbox 484 3179 596 3239; x_wconf 82' lang='lat' dir='ltr'><strong>inimico</strong></span> <span class='ocrx_word' id='word_1_141' title='bbox 607 3179 689 3255; x_wconf 81' lang='lat' dir='ltr'><strong>virgo</strong></span> 
     </span>
     <span class='ocr_line' id='line_1_31' title="bbox 228 3255 720 3342; baseline 0.008 -26"><span class='ocrx_word' id='word_1_142' title='bbox 228 3255 345 3335; x_wconf 86' lang='lat' dir='ltr'><strong>Belluis,</strong></span> <span class='ocrx_word' id='word_1_143' title='bbox 361 3268 465 3336; x_wconf 82' lang='lat' dir='ltr'><strong>necte,</strong></span> <span class='ocrx_word' id='word_1_144' title='bbox 478 3261 629 3342; x_wconf 63' lang='lat' dir='ltr'><strong>metuende</strong></span> <span class='ocrx_word' id='word_1_145' title='bbox 644 3270 720 3321; x_wconf 79' lang='lat' dir='ltr'><strong>certa</strong></span> 
     </span>
     <span class='ocr_line' id='line_1_32' title="bbox 156 3341 521 3427; baseline 0.005 -27"><span class='ocrx_word' id='word_1_146' title='bbox 156 3418 164 3427; x_wconf 30' lang='grc' dir='ltr'>Ι</span> <span class='ocrx_word' id='word_1_147' title='bbox 279 3341 394 3402; x_wconf 83' lang='lat' dir='ltr'><strong>Phoebe</strong></span> <span class='ocrx_word' id='word_1_148' title='bbox 410 3347 521 3421; x_wconf 78' lang='lat' dir='ltr'><strong>sagitta,</strong></span> 
     </span>
    </p>
   </div>
   <div class='ocr_carea' id='block_1_11' title="bbox 0 0 1138 3878">
    <p class='ocr_par' dir='ltr' id='par_1_19' title="bbox 0 0 1138 3878">
     <span class='ocr_line' id='line_1_33' title="bbox 0 0 1138 3878; baseline 0 1"><span class='ocrx_word' id='word_1_149' title='bbox 0 0 1138 3878; x_wconf 95' lang='lat' dir='ltr'><strong> </strong></span> 
     </span>
    </p>
   </div>
  </div>
 </body>
</html>
