2266 3878
150 276 209 342 rte
508 248 750 343 'ssurmuuu
990 287 1090 366 [seq

230 432 346 493 Tardius
358 433 509 493 adveniens
523 433 648 491 vitiatum
660 432 852 509 commodius,
867 452 952 513 quarn

229 516 372 595 Integrum
394 516 466 577 edax
487 515 614 575 deminus
628 524 817 577 consumeret.
850 516 912 579 Hos
924 512 1025 582 utinam

731 602 802 659 inter
979 617 982 623 ·

229 683 337 743 Heroas
349 693 441 745 natum
452 683 537 744 tellus
548 702 594 742 me
608 685 695 761 prima
706 683 830 744 tulisset!

228 767 287 828 Das
299 767 404 847 aliquid
417 767 524 844 famae,
538 785 611 845 quae
622 770 743 827 carmine
757 769 864 845 gratior
875 786 973 831 aurern

159 848 206 917 '95
230 851 358 930 Occupat
367 849 531 912 humanam?
545 849 679 911 Grandes
691 852 800 911 rhombi
812 856 983 933 patinaeque

229 935 339 996 Grande
350 937 442 996 ierunt
453 954 506 995 nna
518 953 581 994 eum
592 935 691 994 damno
703 934 836 995 dedeeus.
859 935 953 998 Adde·

228 1019 329 1080 Iratum
340 1029 482 1098 patruum,
496 1020 624 1095 vicinos,
637 1027 666 1078 te
677 1019 727 1077 tibi
738 1020 864 1097 iniquum
938 1054 941 1059 ,

227 1102 264 1163 Et
275 1104 377 1164 frustra
387 1104 485 1163 mortis
497 1102 644 1180 cupidum,
658 1119 721 1161 eum
732 1102 821 1162 deerit
836 1106 934 1180 egenti

228 1187 284 1263 As,
296 1187 391 1265 laquei
404 1187 533 1265 pretium.
557 1184 674 1266 y,‚lure“
689 1187 779 1264 iuquit
789 1186 949 1266 „Transius
960 1191 1020 1250 istis

148 1279 207 1342 100
229 1267 504 1353 „iurgaturverbim
519 1294 574 1355 ego
585 1271 735 1351 vectigalia
744 1290 859 1350 magne·

75 1366 82 1372 “
228 1358 428 1439 „Diuitiasque
440 1360 531 1420 habeo
542 1362 629 1421 tribus
640 1360 746 1438 amplas
757 1361 909 1439 regibus.“
929 1360 1017 1441 Ergo,

229 1443 312 1517 Quod
324 1453 454 1522 superat,
468 1462 525 1504 non
537 1454 582 1504 est
591 1444 691 1503 melius
704 1462 760 1522 que
772 1447 912 1505 insumere
925 1443 1036 1524 possis?

228 1525 286 1587 Gur
297 1539 365 1607 eget
377 1529 507 1606 indignus
519 1531 665 1607 quisquam
680 1537 708 1587 te
719 1526 825 1589 diuite?
848 1527 944 1602 Quare

117 1625 123 1639 ‘
228 1611 342 1691 Templa
353 1621 436 1672 ruunt
447 1615 559 1691 antiqua
571 1608 672 1672 deum?
690 1610 762 1688 Gur,
776 1613 922 1691 improbe,
937 1632 1017 1675 carae

147 1698 204 1761 105
227 1694 291 1756 Non
302 1696 407 1775 aliquid
418 1699 525 1775 patriae
535 1694 610 1756 tanto
623 1697 746 1755 emetiris
758 1693 883 1755 acerve?

226 1779 280 1839 Uni
295 1780 422 1841 nimirum
433 1781 482 1840 tibi
493 1789 589 1841 rectae
601 1797 714 1856 semper
725 1789 805 1839 erunt
814 1777 881 1841 res?

228 1863 251 1923 0
264 1883 379 1942 magnus
391 1865 510 1942 posthae
521 1865 640 1923 iuimieis
651 1866 724 1923 risus
735 1862 742 1923 l
762 1864 868 1924 Uteme

225 1947 270 2006 Ad
282 1966 364 2007 casus
377 1948 477 2007 dubios
489 1945 555 2007 fidet
565 1948 620 2007 sibi
635 1949 756 2024 eortius,
768 1948 816 2008 bie
827 1950 875 2027 qni

225 2030 354 2091 Pluribus
366 2031 490 2090 adsuerit
502 2039 622 2090 mentem
637 2038 799 2110 corpusque
810 2033 975 2110 superbum,

145 2114 269 2180 110xAn
281 2117 328 2194 qui
340 2123 488 2175 contentus
500 2132 589 2192 parvo
599 2125 784 2194 metnensque
795 2115 878 2175 futuri

225 2198 356 2278 lupence,
372 2209 402 2259 ut
414 2201 544 2277 sapiens,
560 2202 660 2277 aptarit
669 2199 772 2260 idonea
783 2196 883 2260 belle?

287 2367 352 2444 Quo
364 2369 454 2446 magis
475 2367 647 2445 discredas,
671 2384 743 2445 puer
752 2366 827 2508 hupe
839 2381 896 2443 ego
914 2382 1015 2444 parvus

634 2472 646 2499 ι
726 2449 849 2510 Ofelum

222 2534 343 2616 Integris
355 2535 457 2612 opibus
468 2538 534 2596 novi
546 2554 601 2597 non
613 2535 696 2596 latius
706 2553 797 2610 usum,

179 2688 183 2701 Ι
224 2620 314 2693 Quam
324 2635 398 2681 nune
408 2621 520 2680 accisis.
542 2620 646 2682 Videas
658 2628 761 2680 metato
769 2621 801 2678 in
813 2615 907 2697 agello

140 2699 200 2764 115
224 2701 294 2763 Gum
305 2721 412 2782 peeore
421 2712 450 2763 et
459 2707 550 2783 gnatis
561 2705 664 2766 fortem
673 2702 806 2764 mercede
817 2699 968 2767 colonum,

222 2785 311 2862 „Non
327 2791 407 2867 ego“
419 2799 575 2851 narrantem
591 2801 722 2868 „temere
735 2787 780 2847 edi
792 2787 857 2846 luee
870 2785 999 2864 profesta

221 2868 407 2951 „Quidquam
418 2883 531 2951 praeter
541 2875 604 2934 olus
615 2876 745 2935 fumosae
756 2870 904 2948 eum‘pede
916 2885 1031 2949 pernae·

221 2951 360 3028 „Aemibi
372 2975 424 3017 seu
434 2957 548 3037 longum
560 2969 627 3038 post
637 2967 749 3038 tempus
760 2963 877 3016 venerat
886 2955 996 3033 hospes

220 3037 314 3112 „Sive
325 3056 444 3119 operum
455 3060 545 3103 vanno
556 3054 652 3124 gratiss
664 3044 784 3104 conviva
795 3058 847 3118 per
861 3038 978 3115 imbrem

136 3113 198 3176 120
219 3118 376 3203 ‚‚Vieinus‚
393 3125 467 3186 bene
479 3137 603 3190 eratnon
617 3130 744 3209 piscibus
756 3125 826 3186 urbe
838 3124 945 3200 petitis,
1027 3138 1030 3145 ·

217 3203 304 3346 „gpd
315 3211 393 3287 pulle
404 3220 490 3359 atbque
502 3214 604 3287 baedo;
620 3209 872 3359 tumpenlsilisfiuva
882 3207 1022 3268 se'enndas

289 3310 308 3350 u
615 3340 622 3361 ,
827 3309 871 3351 eu.
