2266 3878
53 285 240 362 [canam]
446 280 556 340 uana
572 279 596 340 1.
688 275 695 293 ¹

130 436 302 510 Dominum,
316 435 452 511 momnis,
466 431 560 507 clipeo
575 429 692 491 Troiana
702 433 792 492 redxo

197 516 338 594 Tempora
351 524 480 592 testatus,
495 514 563 574 nihil
574 513 644 573 ultra

130 603 243 664 Nervos
256 609 341 678 atquc
356 608 448 659 cutem
458 601 541 658 morti
553 607 736 658 concesserat
751 609 838 677 auae,

198 683 296 744 Iudice
310 692 340 743 te
352 700 408 742 non
421 682 552 742 sordidus
564 690 663 741 auctor
778 710 793 748 ,ι

75 788 80 803 “
129 771 253 832 Naturae
264 769 392 844 verique.
416 766 474 826 Sed
486 783 584 825 omnes
595 783 649 824 una
663 763 824 825 manet‘nox
967 771 1007 831 15

197 851 234 912 Ilt
246 850 378 912 calcanda
390 849 479 910 semel
489 851 535 908 via
545 849 605 908 leti.

130 934 205 999 Dant
213 935 286 994 'alios
296 932 398 994 Furiae
409 943 492 993 torvo
504 931 668 1010 spectacula
678 931 770 1010 Marti,

102 1072 108 1077 .
196 1017 291 1078 Exitio
303 1026 348 1076 ast
362 1016 472 1076 avidum
482 1035 558 1077 mare
569 1019 675 1086 nautis;
708 1075 711 1079 .

131 1101 216 1165 blixta
233 1119 330 1181 senum
340 1118 373 1160 ac
384 1102 514 1160 iuvenum
528 1099 679 1160 densentur
694 1101 802 1179 funcra,
820 1101 924 1163 nubum

197 1186 288 1246 Saeva
301 1195 388 1262 caput
397 1184 566 1262 Proserpina
577 1183 665 1262 fugit:
967 1188 1008 1252 20

130 1266 177 1329 lde
189 1286 305 1349 quoque
318 1269 419 1328 devexi
433 1268 549 1346 rapidus
567 1284 664 1328 comes
677 1267 790 1329 Orionis

197 1351 318 1429 Illyricis
334 1351 425 1412 Notus
440 1353 533 1412 dbruit
544 1351 634 1412 undis.

131 1434 168 1495 m
177 1444 218 1511 tu,
233 1444 326 1511 nauta,
339 1455 430 1513 vagae
440 1455 477 1495 ne
492 1452 577 1513 parce
588 1434 726 1512 malignus
740 1453 843 1496 arenae

200 1517 319 1578 Ossibus
331 1528 359 1577 et
371 1521 454 1596 capiti
466 1520 606 1578 inhumato

131 1601 299 1664 Particulam
310 1600 389 1660 dare
406 1603 448 1659 sic
450 1601 660 1680 quodcunque
672 1603 820 1661 minabitur
829 1600 922 1661 Eurus
967 1604 1006 1668 25

201 1684 348 1745 Fluctibus
360 1684 520 1762 Hesperiis,
532 1683 694 1744 Venusinae

132 1766 290 1829 Flectuntur
301 1767 389 1837 silvae
401 1777 429 1827 te
444 1771 565 1845 sospite,
580 1756 723 1846 multaque
734 1786 856 1845 merces,

198 1851 279 1912 Unde
295 1860 399 1930 potest,
403 1850 467 1912 tibi
480 1851 584 1911 delluat
595 1866 687 1929 aequo

131 1934 174 1996 Ab
185 1935 256 1995 love
267 1934 457 2015 Neptunoque
469 1955 541 1996 sacri
535 1936 672 1996 custode
684 1936 805 1997 Tarenti.
819 1970 857 1981 -

199 2018 329 2099 Negligis
341 2021 485 2081 immeritis
497 2021 651 2080 nocituram
968 2023 1010 2085 30

99 2171 103 2181 ,
132 2100 283 2162 Postmodo
298 2113 327 2162 te
339 2107 410 2165 natis
421 2105 546 2164 fraudem
560 2101 754 2164 committere?
771 2101 844 2164 Fors
856 2113 885 2163 et

198 2187 300 2247 Debita
311 2190 371 2247 iura
380 2191 517 2267 vicesque
531 2188 671 2266 superbae

134 2267 180 2328 Te
185 2274 330 2330 maneant
322 2287 428 2349 rpsum:
442 2272 574 2350 precibus
586 2289 642 2330 non
654 2270 765 2348 linquar
777 2270 884 2348 inultis,

199 2352 672 2432 Tequepiaculanullarosolvent
1062 2416 1066 2430 ⁴.

136 2434 299 2514 Quanquam
310 2437 438 2514 festinas,
450 2453 507 2498 non
518 2448 562 2498 est
576 2455 654 2499 mora
666 2437 765 2519 longam
775 2435 880 2531 iicebit
968 2443 1009 2504 35

63 2523 115 2531 ”
200 2519 307 2580 lnieoto
321 2529 364 2580 tar
377 2520 493 2598 pulvere
504 2540 609 2581 curras
689 2528 693 2561 ¹

165 2933 168 2939 ι
408 2850 656 2907 onnxxlx

256 3015 260 3019 -
370 2985 435 3038 AD
472 2985 718 3058 iccium..

200 3110 269 3189 loci,
289 3113 381 3174 beatis
391 3132 465 3174 nunc
475 3114 617 3175 Arabum
608 3058 796 3176 innodas

201 3193 294 3274 Garis,
310 3205 339 3256 et
349 3215 443 3257 acrem
455 3198 579 3260 militiam
590 3217 672 3277 paras

250 3279 314 3340 Non
325 3290 389 3341 ante
400 3281 518 3342 devictis
530 3283 664 3344 Sabaeae

304 3363 443 3443 Regibus,
458 3365 641 3444 horribilique
653 3364 738 3423 blodo
