2266 3878
56 285 111 364 ‚sn
365 280 475 344 urrnn
489 282 538 344 rv.

361 435 460 492 omns
474 435 582 490 vnn

201 523 270 589 ‚nn
288 521 459 575 muncrum
476 521 728 577 censorinum.
824 548 843 597 N·

141 608 283 670 Donarem
295 618 409 688 pateras
420 619 557 689 grutaqm
568 608 743 686 eommodus‚
782 700 784 705 Ι

142 691 310 770 Censorino,
326 695 397 753 meis
411 711 477 754 aera
488 691 642 769 sodalibus,

141 776 282 838 Donarem
292 776 429 854 uipodus,
447 779 571 855 praemia
584 777 698 837 fortium

143 858 299 937 Graiorum,
309 878 403 940 neque
414 870 445 921 tu
460 862 585 938 pessime
594 877 739 921 munerum

141 940 256 1021 Ferres,
268 943 354 1004 divite
365 963 411 1004 rue
423 944 535 1005 soilieet
548 947 658 1020 artium,
900 945 932 1010 ·b

144 1026 221 1101 Quas
231 1035 279 1089 aut
287 1026 449 1089 Parrhasius
461 1027 576 1107 protulit
586 1037 634 1088 art
644 1028 765 1106 Seopas,

143 1111 196 1172 llio
209 1129 290 1189 saxo,
310 1110 423 1191 liquidis
436 1112 485 1172 ille
497 1110 641 1172 coloribus

144 1193 252 1256 Sollers
263 1212 336 1256 nune
349 1196 491 1256 bominem
501 1213 619 1274 ponere,
631 1212 705 1255 nuno
719 1194 812 1254 (leun.

144 1277 268 1340 Sednon
279 1279 350 1339 haee
360 1280 427 1339 milri
438 1282 492 1355 ris,
511 1296 568 1338 non
582 1278 740 1339 oblinitum

143 1361 201 1423 llos
214 1371 260 1423 est
270 1372 319 1423 aut
333 1365 440 1424 animus
453 1363 616 1423 deliciarum
627 1380 727 1441 egens.

144 1445 255 1507 Gaudes
266 1447 449 1517 carminibus;
461 1449 581 1506 carmina
597 1462 747 1525 possumus

142 1529 256 1591 Donare
267 1539 297 1590 et
310 1533 432 1610 pretium
442 1530 538 1590 dinero
555 1531 672 1591 muneri

143 1612 207 1675 Non
217 1615 307 1675 ineisa
317 1617 395 1675 notis
409 1630 545 1675 marmora
557 1613 689 1691 publicis,

144 1695 196 1758 Per
206 1715 281 1776 quae
293 1699 408 1777 spiritns
420 1708 448 1759 et
465 1702 522 1759 rita
536 1696 608 1757 redit
619 1696 702 1757 bonis

96 1832 110 1861 ,
144 1778 211 1842 Post
220 1791 339 1842 mortem
350 1781 479 1859 ducibus,
491 1800 548 1842 non
559 1781 669 1841 celeres
687 1780 772 1858 fugae

142 1863 336 1944 lleieotaeqne
352 1874 506 1926 retrorsum
516 1864 677 1924 Hannibalis
688 1866 789 1942 minae,

143 1947 208 2008 Non
221 1947 352 2010 incendia
367 1948 543 2029 Carthaginis
558 1951 661 2026 impiae

144 2030 223 2109 Eius,
236 2033 285 2112 qui
300 2031 403 2093 domita
414 2051 515 2094 nornen
526 2034 560 2093 ab
574 2032 684 2093 Airioas

144 2114 383 2192 buoratusrediit,
397 2118 499 2178 elarius
509 2117 631 2178 indicant

142 2197 262 2276 baudus,
277 2216 361 2279 quern
372 2199 509 2262 Calabrae
519 2200 660 2263 Pierides:
682 2218 786 2279 neque,

144 2283 173 2343 Si
184 2283 299 2345 oharlee
311 2283 412 2346 sileant
423 2286 500 2365 quod
511 2287 584 2346 bene
596 2285 711 2359 feceris,

142 2365 304 2428 Mercedem
318 2367 426 2430 tuleris.
461 2369 535 2444 Quid
545 2369 619 2428 foret
634 2364 704 2426 Iliae

144 2449 335 2531 liuvortisque
347 2469 432 2531 puer,
446 2455 470 2513 si
483 2453 655 2513 taciturnitas

146 2532 277 2595 Obsteret
292 2537 399 2597 meritis
410 2536 503 2597 invida
513 2530 647 2596 Romuli?

144 2615 280 2697 Ereptum
299 2620 405 2698 Stygiis
418 2619 548 2680 iluutssrus
562 2617 685 2676 Aeaeum

144 2699 240 2761 Virtus
253 2711 282 2762 et
295 2703 377 2764 lavor
388 2714 416 2766 et
427 2704 522 2780 lingua
537 2702 692 2781 potentium

144 2783 244 2845 Vatum
256 2785 387 2848 divitibus
400 2796 548 2848 consecrat
556 2783 672 2844 insulis.

142 2866 265 2946 Dignum
278 2870 361 2930 laude
372 2873 462 2932 virum
471 2869 552 2932 blusa
566 2878 643 2928 vetat
654 2868 738 2928 mori:

145 2949 235 3012 Coelo
247 2952 328 3016 Musa
337 2954 412 3015 beat.
446 2956 494 3017 Sio
509 2954 717 3014 lovistntersst

145 3032 255 3114 Optatis
272 3037 364 3117 epulis
375 3041 496 3119 impiger
505 3036 655 3113 Hercules,
920 3033 962 3096 30

145 3116 255 3180 clarum
268 3121 442 3198 Tyndaridae
454 3123 531 3184 sidus
543 3122 581 3182 nb‘
589 3121 691 3181 inllrnis
931 3124 935 3137 “

145 3200 270 3275 Quassus
283 3207 405 3285 eripiunt
415 3208 587 3288 aequoribus
599 3214 686 3280 rates,

146 3283 264 3348 Ornatus
275 3290 357 3350 viridi
371 3299 500 3371 tempora
511 3291 643 3372 pampino

144 3366 230 3431 liber
243 3382 309 3434 vota
324 3375 414 3435 bonos
427 3375 503 3434 dueit
514 3372 663 3439 aderitus.

1093 3300 1097 3317 r

399 3471 548 3481 ----..
960 3452 966 3477 l

515 3617 524 3641 ’
949 3469 1052 3653 ,ι
