2266 3878
44 236 144 349 '¹1⁵6
263 343 270 366 ,
457 281 672 344 snrrnauun
837 292 841 308 ·
924 286 1030 360 [stas]

163 434 272 511 Paene,
284 449 410 509 macros,
423 436 507 510 arsit,
524 434 588 493 durn
600 435 697 494 turdos
708 445 802 495 versat
815 438 843 497 in
854 438 927 514 igni:

163 518 234 579 Nam
244 534 317 594 vaga
331 525 517 594 perveterem
532 517 641 596 dilapsa
653 518 760 579 damma
773 518 893 578 enlinam
944 560 946 564 .

162 601 289 661 Vulcano
302 618 436 659 summurn
448 602 618 679 properabat
629 601 753 661 lambere
764 610 881 662 tentum.

100 690 140 751 75
165 683 306 746 Convivas
318 682 416 743 avidos
429 700 546 743 coenam
557 703 715 764 servosque
731 686 863 745 timentes

163 767 232 829 'lum
242 785 343 847 rapere
354 776 439 845 atque
451 783 548 826 omnes
559 771 736 846 restinguere
747 769 824 829 velle
833 766 959 830 videres.

162 844 264 930 Incipit
276 870 312 911 ex
322 849 372 910 illo
384 860 494 910 montes
507 849 630 928 Appulia
645 860 729 911 notus

163 934 311 1003 Ostentare
328 935 410 1008 mibi,
430 951 503 1012 quos
515 943 605 1012 torret
615 933 750 995 Atabulus
766 943 795 994 et
809 952 883 1014 quos

162 1019 309 1097 Nunquam
320 1035 501 1095 erepsamus‚
517 1019 571 1077 nisi
586 1036 639 1077 nas
650 1020 743 1078 uicina
757 1015 861 1078 Triviai

11 1172 12 1180 ἵ
100 1106 141 1168 80
162 1101 236 1162 Villa
248 1100 571 1178 recepissetlaerimoso
583 1101 810 1178 anastasiana,
910 1152 912 1156 ι

162 1185 241 1246 Udos
254 1202 317 1244 eum
327 1183 405 1243 foliis
416 1201 509 1244 ramos
520 1194 618 1245 urente
631 1189 749 1246 camino.
858 1218 865 1228 .

162 1267 216 1328 ldie
232 1282 288 1346 ego
299 1264 461 1327 mendaeem
472 1268 651 1330 stultissimus
667 1286 758 1348 usque
769 1266 893 1348 puellam

162 1350 207 1411 Ad
217 1350 337 1410 mediam
345 1359 459 1410 noctem
469 1362 620 1431 exspecto
636 1369 751 1413 somnus
766 1361 858 1412 tamen
868 1353 962 1414 aufert

161 1429 300 1495 intentum
310 1435 423 1511 veneri,
435 1443 493 1495 tum
507 1433 646 1496 immundo
662 1438 768 1497 somnia
778 1437 842 1496 visu

96 1521 139 1585 85
162 1518 332 1579 Noetumam
342 1527 452 1578 vestem
465 1519 603 1580 maeulant
613 1529 796 1598 ventremque
808 1520 950 1597 supinum.

163 1601 300 1676 Quattuor
312 1601 378 1662 bine
388 1603 512 1682 rapimur
520 1605 618 1682 viginti
630 1612 660 1663 et
671 1603 757 1663 millia
770 1602 879 1680 rhedis,
954 1662 961 1671 ,

160 1685 284 1747 Mansuri
301 1685 456 1763 oppidulo,
475 1686 551 1766 quod
561 1705 646 1746 versu
657 1687 752 1746 dicere
763 1704 819 1747 non
835 1695 892 1764 est,

162 1771 257 1849 Signis
269 1769 406 1848 perfaeile
419 1778 475 1829 est:
488 1772 566 1830 venit
576 1770 710 1831 vilissima
721 1789 815 1830 rerum
951 1778 954 1783 '

160 1854 213 1914 llic
225 1871 312 1931 aqua,
330 1852 383 1912 sed
393 1855 472 1930 panis
485 1853 571 1932 longe
584 1853 803 1932 pulcherrimus,
819 1852 893 1914 ultra

98 1942 139 2003 90
162 1936 286 1997 Callidus
298 1944 328 1994 ut
342 1936 433 1996 soleat
443 1937 565 1996 humeris
580 1947 693 2015 portare
702 1940 803 1998 viator.

160 2018 231 2079 Nam
243 2015 346 2078 Canusi
358 2018 519 2096 lapidosus,
535 2039 625 2098 aquae
637 2037 693 2081 non
704 2021 789 2081 ditior
798 2037 869 2081 uma

162 2100 218 2176 Qui
229 2098 317 2167 ldcus
324 2120 339 2160 a
352 2101 417 2161 forti
428 2101 567 2163 Diomede
579 2113 623 2163 est
634 2097 766 2165 conditus
779 2104 857 2164 olim.
966 2153 972 2167 ,

159 2185 306 2247 Flentibus
318 2186 383 2245 hine
393 2184 494 2246 Varius
506 2186 626 2247 discedit
636 2198 759 2248 maestus
770 2189 905 2249 amicis.

160 2269 229 2332 Inde
240 2269 339 2331 Rubos
350 2269 420 2330 lessr
434 2273 627 2348 pervenimus,
645 2281 744 2349 utpote
753 2270 872 2350 longum

97 2357 136 2419 at
161 2352 337 2432 carpentes
327 2362 383 2414 uer
394 2362 423 2413 et
438 2354 543 2415 laetum
558 2357 715 2454 corruptius
726 2355 817 2417 imbri.

158 2438 276 2498 Postera
289 2447 443 2538 tempestas
458 2439 575 2538 melior,
593 2441 639 2499 via
653 2441 735 2516 peior
746 2438 781 2498 ad
797 2456 913 2518 nsque

159 2521 223 2583 Bari
234 2523 345 2581 moenia
361 2524 488 2599 pistosi;
500 2523 565 2582 dein
577 2516 674 2582 Gnatia
689 2522 810 2600 lymphis

160 2603 241 2665 lratis
252 2613 394 2665 exstructa
408 2605 625 2684 rediturasque
636 2608 786 2683 innosque,

158 2687 249 2765 Dum,
266 2688 411 2749 damma'
387 2707 449 2749 arna
460 2691 540 2751 thura
552 2690 714 2774 liquescere
725 2689 819 2749 limine
831 2704 926 2766 saera,

78 2776 138 2838 100
158 2770 333 2832 Persuadere
345 2774 432 2850 eupit.
455 2772 558 2834 Credat
572 2773 693 2832 ludaeus
703 2771 863 2860 Apella,

44 2914 46 2918 ι
158 2852 224 2916 Non
236 2871 307 2953 epp:
318 2872 439 2954 namque
449 2856 520 2916 daos
533 2857 758 2917 didieiseenrum
770 2874 975 2935 agarenorum,

158 2935 237 3012 Nee,
254 2955 279 2997 sa
271 2937 359 3017 quid
369 2941 431 2998 min
423 2939 530 2999 iaciat
543 2949 654 3017 natura,
670 2940 741 3000 deos
752 2939 814 2999 id

159 3019 268 3081 Tristes
280 3039 316 3081 ax
331 3020 388 3080 alto
402 3021 477 3082 coeli
490 3022 635 3082 demittere
647 3032 736 3084 tecto.

158 3102 334 3166 Brundisium
345 3102 448 3181 longae
467 3105 529 3164 linis
542 3105 712 3184 abartaeque
725 3109 847 3186 viaeque
861 3115 914 3183 ast.

6 3482 163 3640 ἢ
