2266 3878
322 278 433 343 uranu
453 279 503 340 n·
817 360 822 371 ¹
846 279 907 343 sss

63 431 122 510 das,
137 432 251 510 cubitat,
264 432 377 508 focalia,
392 441 478 510 potus
489 443 519 494 ut
531 433 579 494 ille
845 435 905 500 255

63 534 75 576 r
86 507 210 576 ex'eoilo
222 516 316 576 furtim
328 519 470 593 carpsisse
482 534 614 596 coronas,

63 619 118 660 ram
130 609 175 660 est
185 602 319 677 impransi
331 610 478 679 correptus
489 618 563 661 uoco
574 599 723 681 magistri?

63 686 89 743 is
102 686 173 744 irato
185 699 276 762 puero
288 702 351 744 eum
363 699 457 763 poma,
469 694 597 756 reeusat;

63 786 91 844 e,
99 767 346 846 oatelie‚“nogat;
358 770 382 827 si
392 785 449 828 non
457 768 519 846 des,
530 778 622 847 optat:
631 779 738 831 amator

63 869 105 912 rus
120 853 168 930 qui
184 850 281 929 distat,
299 854 358 929 agit
371 851 419 911 ubi
434 871 547 928 seeum,
565 859 611 913 eat
622 872 657 914 an
670 851 746 933 non‚'
844 858 906 920 260

63 934 186 994 editurus
198 943 258 994 erat
271 948 328 994 non
342 939 508 1012 arcessitus,
522 946 551 996 et
561 937 661 998 haeret

63 1015 207 1078 rioribus?
217 1017 304 1095 „Neo
315 1036 405 1095 nune,
422 1017 485 1080 oum
499 1038 544 1079 ms
554 1029 640 1095 vocat
650 1021 734 1097 uitro,

63 1099 158 1162 edam?
168 1101 212 1162 An
223 1105 318 1180 potius
329 1101 450 1163 meditor
463 1103 543 1165 finire
559 1093 696 1165 doloresi

63 1187 135 1255 nsit;
150 1195 289 1246 ‘ferocum
303 1184 438 1247 redeam?
462 1185 543 1263 Non,
559 1190 584 1247 si
597 1189 764 1249 ohseeret.“
782 1222 819 1234 -

439 1269 518 1331 Eece
811 1298 816 1304 ¹

63 1371 84 1430 ι,
97 1369 153 1412 non
165 1352 249 1431 paulo
262 1355 430 1432 sapientior,
444 1353 492 1430 „0
504 1355 583 1430 here,
598 1372 671 1433 quae
681 1375 729 1416 ros
842 1357 902 1419 265

66 1435 180 1496 modum
191 1437 276 1497 habet
286 1435 380 1515 neque
392 1436 550 1513 consilium,
559 1440 669 1499 ratione
677 1439 821 1517 modoque

63 1521 116 1579 tari
128 1536 185 1580 non
194 1521 263 1581 vult.
292 1519 323 1580 ln
338 1538 434 1581 amore
445 1521 517 1581 haee
528 1521 690 1599 summale,
703 1521 818 1599 bellum,

63 1621 182 1663 rursum:
198 1605 270 1664 haee
282 1607 306 1665 si
318 1605 381 1682 quis
393 1607 568 1684 tempestatis
581 1619 672 1687 prope
682 1608 737 1666 ritu
774 1640 777 1644 -

62 1686 109 1747 ilia
120 1695 149 1746 at
160 1704 247 1748 oaeea
257 1687 391 1749 fluitantia
404 1696 481 1748 sorte
492 1688 602 1748 laboret

63 1770 125 1835 tare
136 1781 213 1831 carta
224 1773 288 1848 sibi,
301 1772 389 1832 nihilo
402 1771 466 1852 plus
478 1772 620 1850 explieat,
633 1791 667 1833 ao
679 1773 704 1833 si
842 1776 904 1837 270

63 1856 117 1914 rire
130 1863 211 1933 paret
225 1865 303 1916 oerta
317 1859 425 1917 ratione
436 1856 614 1936 modoque.“
640 1892 643 1897 ·

71 1954 134 1998 oum
144 1937 256 1999 Picenis
268 1957 426 2020 exaerpens
442 1943 548 2001 sennua
559 1942 651 2021 pomis

63 2039 90 2098 s,
104 2023 129 2081 si
140 2040 279 2083 eameram
290 2027 416 2102 pereusti
427 2025 517 2100 forte,
533 2042 623 2104 penes
634 2034 662 2085 te
674 2021 726 2084 esi

71 2123 134 2165 oum
145 2105 228 2166 halba
239 2107 308 2168 ieris
323 2124 430 2169 annoso
445 2109 533 2169 rerba
541 2109 648 2187 palato,

63 2197 134 2249 tante
145 2207 226 2250 casas
240 2193 288 2269 qui
299 2190 413 2252 sanior?
430 2192 512 2252 Addo
529 2208 656 2252 eruorem
841 2193 901 2255 275

63 2277 117 2348 aa,
143 2282 228 2352 atquo
249 2277 344 2352 ignem
359 2274 454 2353 gladio
475 2285 611 2336 scrutare.
656 2275 760 2351 Modo,
777 2268 817 2336 inl

440 2377 533 2437 quam,

63 2459 77 2499 e
92 2457 231 2518 pereussa
245 2441 350 2502 Marius
362 2459 425 2509 enm
435 2444 602 2521 praecipitat
614 2460 659 2519 se‚·
729 2444 738 2458 ‘

62 2542 86 2582 rs
99 2521 171 2584 iuiti
181 2543 217 2585 an
228 2535 386 2586 commotae
396 2528 511 2586 erimine
523 2528 624 2586 mentis

63 2625 102 2666 'es
113 2608 264 2685 hominem,
277 2618 306 2669 et
315 2609 435 2670 scolaris
446 2609 588 2671 damnabis
601 2608 731 2687 eundem,

62 2710 95 2751 re
106 2694 255 2770 imponens
268 2703 388 2772 cognata
405 2693 544 2755 voeabula
558 2691 665 2755 rebus?
839 2693 902 2758 280
972 2768 979 2775 α

63 2793 116 2835 nus
128 2785 204 2852 erat,
221 2779 269 2857 qui
282 2780 387 2838 eiroum
399 2781 521 2855 compita
533 2780 627 2838 sieeus

63 2876 145 2922 mano
157 2877 247 2920 senex
260 2863 388 2922 manibus
397 2862 529 2923 currebat
546 2870 574 2921 at
593 2861 733 2938 „Unum-

86 2951 142 3002 tam
169 2943 344 3022 magnum?“
372 2945 495 3007 addens·
517 2964 624 3022 „unum
644 2963 690 3007 me
709 2946 817 3023 surpite

269 3074 272 3085 .
437 3030 534 3089 morti!

63 3111 154 3169 atenim
166 3110 252 3171 iaoilo
264 3113 332 3172 ast“
345 3113 451 3189 orabat,
466 3132 550 3174 sanus
562 3116 689 3192 utrisque
920 3166 922 3173 ,

63 3201 175 3272 satque
187 3194 435 3272 oeulis3mentem,
447 3199 501 3257 nisi
512 3197 665 3276 litigiosus,
839 3196 899 3259 285

63 3285 110 3336 ret
121 3276 260 3355 dominus,
273 3297 336 3339 oum
346 3280 492 3341 venderet.
514 3281 578 3340 Hoo
590 3296 705 3359 quoque
714 3277 816 3356 vulgus

63 3377 132 3440 ppus
145 3365 224 3440 ponit
236 3362 358 3423 ieounda
371 3366 398 3425 io
413 3361 500 3441 gente
512 3363 634 3424 Meneni.
