2266 3878
151 270 214 334 soc
504 265 764 332 rrrsromnuu
917 265 1018 343 [upon.
1035 277 1044 328 1
1062 272 1106 350 ap

173 429 214 494 95
236 425 369 500 Occurru‘,
391 422 481 492 rides;
493 422 518 482 si
530 422 604 482 forte
616 420 752 481 subucula
762 436 855 499 pexae

235 508 311 569 Trita
321 498 420 569 subest
431 508 560 582 tonicae,
573 505 621 564 vel
632 507 655 564 si
667 515 734 583 toga
746 503 863 565 dissidet
872 505 973 583 impar,
1088 564 1092 571 ,

234 590 336 652 Rides:
350 625 387 636 -
400 591 481 670 quid,
497 607 560 650 mea
571 606 634 649 cnm
646 596 751 667 pugnat
762 589 901 648 sententia
911 607 1017 666 securo,

236 674 319 749 Quod
331 676 412 754 petiit
423 676 545 752 spernit,
560 675 663 750 repetit
673 672 749 751 quod
760 689 851 749 nuper
866 675 971 751 omisit,
1065 719 1067 722 <

233 759 351 819 Aestuat
361 768 391 818 et
401 760 479 818 vitae
489 757 666 817 disconvenit
676 757 773 816 ordine
785 765 858 831 toto,

151 843 213 905 100
233 841 499 918 Diruit‚aedidcat,
514 837 902 917 mutat-quadratarotundio?
944 866 949 876 *
1040 841 1045 865 ⁸

233 925 358 986 brsanire
370 935 451 1004 putas
462 924 608 984 sollemnia
619 943 664 983 me
679 942 772 1002 neque
787 923 874 1000 rides,

232 1009 295 1070 Neo
307 1009 409 1069 medici
421 1009 514 1068 orodis
529 1024 582 1066 nec
595 1010 730 1067 curatoris
742 1024 830 1085 eguus

232 1093 399 1172 Apraetorc
410 1092 480 1167 dati,
494 1109 586 1150 rerum
596 1090 681 1150 tutela
691 1109 814 1150 rnearorn

185 1198 194 1213 ²
234 1174 304 1237 Cum
315 1178 355 1236 sis
367 1185 396 1235 et
411 1193 496 1252 prave
507 1184 615 1233 sectum
627 1175 811 1234 stomacheris
823 1175 860 1235 ob
872 1192 993 1252 unguem
1042 1210 1045 1217 ·

150 1265 209 1327 105
231 1259 277 1320 De
290 1269 319 1319 te
330 1236 493 1339 pendentis,
506 1266 535 1317 te
547 1259 727 1335 respicientis
738 1260 829 1318 amici.

232 1341 276 1403 nd
287 1359 437 1403 summam:
453 1345 566 1420 sapiens
579 1359 634 1400 uno
646 1343 735 1401 minor
746 1351 790 1402 est
801 1340 888 1419 Iove,
900 1341 991 1419 dives,

230 1425 329 1503 Liber,
342 1426 509 1503 honoratus,
522 1425 657 1504 pulcher,
671 1444 721 1484 rex
732 1425 853 1504 denique
862 1444 980 1504 regum,-

231 1508 386 1588 Praeoipuo
398 1527 498 1587 sanus,
512 1511 567 1570 nisi
580 1527 643 1571 eum
658 1511 756 1586 pituita
767 1509 886 1570 molesta
897 1519 952 1570 est.

555 1722 696 1732 ——n-n——a

460 1868 706 1959 EPISTQM
724 1871 775 1925 n.

438 1976 502 2028 ab
538 1975 603 2027 LO
622 1977 642 2027 L
661 1977 682 2028 L
702 1977 712 2028 l
731 1976 755 2030 U
774 1977 810 2033 M.

227 2093 340 2155 tmtani
353 2094 421 2154 belli
430 2096 616 2172 scriptorem,
633 2098 751 2156 maximo
762 2095 846 2174 Lolli,
947 2142 950 2147 .

226 2178 300 2239 Dum
310 2188 340 2239 tu
352 2177 491 2240 declamas
503 2178 625 2258 Romae,
638 2179 789 2242 l‘raencstc
799 2182 902 2261 relegi,

228 2261 294 2340 Qui,
306 2261 375 2342 quid
386 2264 422 2322 sit
433 2262 589 2341 pulchrum,
607 2264 673 2342 qnid
683 2273 775 2343 turpe,
788 2267 855 2344 quid
867 2266 947 2346 utile,
959 2268 1022 2348 quid
1030 2286 1083 2344 non,

225 2345 338 2406 Planius
349 2365 381 2406 ac
395 2345 495 2407 melius
508 2345 669 2426 Cbrpsippo
682 2358 710 2408 et
721 2346 858 2411 Crantore
869 2349 946 2412 dicit.

184 2433 203 2494 b
226 2428 332 2498 Curita
344 2429 527 2507 crediderim,
544 2434 597 2492 nisi
610 2432 677 2511 quid
687 2442 716 2492 te
728 2432 848 2510 detinet,
861 2433 936 2495 andi.

225 2512 345 2590 Fabula,
361 2532 415 2592 qua
430 2513 535 2574 Paridis
549 2525 667 2593 propter
677 2526 801 2578 narratur
814 2520 940 2579 a‘morem

226 2595 345 2658 Graecia
359 2598 502 2657 barbariae
513 2597 589 2658 lento
602 2599 700 2660 collisa
711 2599 817 2676 duello,
908 2620 911 2625 ’

224 2681 377 2741 Stultorum
388 2699 486 2758 regum
498 2690 526 2742 ct
538 2682 706 2761 populorum
718 2685 842 2745 continet
855 2693 961 2746 aestus.

225 2763 350 2824 Antenor
364 2773 462 2823 censat
470 2765 540 2825 belli
552 2767 716 2844 praecidere
727 2784 855 2829 cansam:

162 2846 203 2908 10
225 2846 299 2920 Quid
310 2843 407 2907 Paris?
420 2856 453 2935 ut
462 2847 556 2909 salvus
568 2860 668 2928 regnet
677 2852 809 2930 vivatque
820 2853 932 2930 beatus,

225 2929 298 3008 cogi
313 2940 504 3009 possenegat.
527 2931 632 2993 Nestor
644 2951 818 3012 componere
829 2937 894 2997 lites
984 2996 992 3017 ἱ
1024 2992 1028 2999 .

223 3013 300 3074 lnter
310 3013 424 3074 Peliden
437 3014 551 3076 destinat
562 3025 590 3076 et
600 3018 672 3078 inter
682 3015 813 3080 Atriden:

222 3098 303 3158 llunc
316 3113 410 3174 amor,
423 3099 464 3158 ira
476 3099 587 3177 quidem
601 3104 783 3162 communiter
793 3104 847 3164 urit
859 3113 1014 3186 utrumque.

224 3180 365 3262 Quidquid
377 3181 494 3243 delirant
504 3202 603 3262 reges,
617 3183 776 3263 plectuntur
785 3185 896 3248 Achivi.

162 3265 200 3327 lb
220 3266 381 3343 Seditione,
394 3265 483 3343 dolis,
499 3267 610 3327 scelere
622 3277 705 3347 atque
716 3267 832 3332 libidine
843 3282 873 3333 et
883 3275 926 3334 ira

222 3348 324 3411 Iliacos
336 3353 405 3412 intra
416 3367 511 3415 muros
523 3361 658 3428 peccatur
667 3361 696 3414 et
706 3361 794 3415 extra.
919 3384 922 3389 ·
