<?xml version="1.0" encoding="UTF-8"?>
<!DOCTYPE html PUBLIC "-//W3C//DTD XHTML 1.0 Transitional//EN"
    "http://www.w3.org/TR/xhtml1/DTD/xhtml1-transitional.dtd">
<html xmlns="http://www.w3.org/1999/xhtml" xml:lang="en" lang="en">
 <head>
  <title>
</title>
<meta http-equiv="Content-Type" content="text/html;charset=utf-8" />
  <meta name='ocr-system' content='tesseract 3.04.00' />
  <meta name='ocr-capabilities' content='ocr_page ocr_carea ocr_par ocr_line ocrx_word'/>
</head>
<body>
  <div class='ocr_page' id='page_1' title='image "./qhoratiiflaccio00schmgoog_0266.png"; bbox 0 0 2266 3878; ppageno 0'>
   <div class='ocr_carea' id='block_1_1' title="bbox 76 172 577 401">
    <p class='ocr_par' dir='ltr' id='par_1_1' title="bbox 76 172 577 401">
     <span class='ocr_line' id='line_1_1' title="bbox 76 172 577 401; baseline 0.012 -73"><span class='ocrx_word' id='word_1_1' title='bbox 76 172 215 401; x_wconf 35' lang='lat' dir='ltr'><strong>Naar</strong></span> <span class='ocrx_word' id='word_1_2' title='bbox 419 272 529 334; x_wconf 77' lang='lat' dir='ltr'><strong>sunan</strong></span> <span class='ocrx_word' id='word_1_3' title='bbox 539 272 577 334; x_wconf 92' lang='lat'><strong>11.</strong></span> 
     </span>
    </p>
   </div>
   <div class='ocr_carea' id='block_1_2' title="bbox 182 425 985 736">
    <p class='ocr_par' dir='ltr' id='par_1_2' title="bbox 182 425 985 736">
     <span class='ocr_line' id='line_1_2' title="bbox 182 425 648 501; baseline 0.017 -24"><span class='ocrx_word' id='word_1_4' title='bbox 182 425 190 477; x_wconf 86' lang='lat' dir='ltr'><strong>i</strong></span> <span class='ocrx_word' id='word_1_5' title='bbox 202 432 280 483; x_wconf 86' lang='lat' dir='ltr'><strong>recte</strong></span> <span class='ocrx_word' id='word_1_6' title='bbox 291 426 402 500; x_wconf 87' lang='lat' dir='ltr'><strong>nescis,</strong></span> <span class='ocrx_word' id='word_1_7' title='bbox 419 425 527 484; x_wconf 82' lang='lat' dir='ltr'>decede</span> <span class='ocrx_word' id='word_1_8' title='bbox 539 426 648 501; x_wconf 89' lang='lat' dir='ltr'><strong>peritis.</strong></span> 
     </span>
     <span class='ocr_line' id='line_1_3' title="bbox 207 507 646 586; baseline 0.005 -20"><span class='ocrx_word' id='word_1_9' title='bbox 207 510 247 583; x_wconf 73' lang='lat' dir='ltr'><strong>is,</strong></span> <span class='ocrx_word' id='word_1_10' title='bbox 265 507 348 568; x_wconf 92' lang='lat' dir='ltr'><strong>edisti</strong></span> <span class='ocrx_word' id='word_1_11' title='bbox 360 510 426 568; x_wconf 88' lang='lat' dir='ltr'><strong>satis</strong></span> <span class='ocrx_word' id='word_1_12' title='bbox 438 518 523 586; x_wconf 80' lang='lat' dir='ltr'><strong>atque</strong></span> <span class='ocrx_word' id='word_1_13' title='bbox 537 509 646 568; x_wconf 87' lang='lat' dir='ltr'><strong>bibisti:</strong></span> 
     </span>
     <span class='ocr_line' id='line_1_4' title="bbox 225 591 985 671; baseline 0.004 -21"><span class='ocrx_word' id='word_1_14' title='bbox 225 594 262 650; x_wconf 66' lang='lat' dir='ltr'><strong>‘re</strong></span> <span class='ocrx_word' id='word_1_15' title='bbox 273 592 323 650; x_wconf 88' lang='lat' dir='ltr'><strong>tibi</strong></span> <span class='ocrx_word' id='word_1_16' title='bbox 335 601 393 667; x_wconf 87' lang='lat' dir='ltr'><strong>est,</strong></span> <span class='ocrx_word' id='word_1_17' title='bbox 409 611 445 652; x_wconf 92' lang='lat' dir='ltr'><strong>ne</strong></span> <span class='ocrx_word' id='word_1_18' title='bbox 459 602 554 670; x_wconf 88' lang='lat' dir='ltr'><strong>potum</strong></span> <span class='ocrx_word' id='word_1_19' title='bbox 569 591 674 670; x_wconf 83' lang='lat' dir='ltr'><strong>largius</strong></span> <span class='ocrx_word' id='word_1_20' title='bbox 686 609 778 671; x_wconf 87' lang='lat' dir='ltr'><strong>aequo</strong></span> <span class='ocrx_word' id='word_1_21' title='bbox 926 597 985 659; x_wconf 83' lang='lat'><strong>215</strong></span> 
     </span>
     <span class='ocr_line' id='line_1_5' title="bbox 257 675 692 736; baseline 0.002 -1"><span class='ocrx_word' id='word_1_22' title='bbox 257 685 296 735; x_wconf 69' lang='lat' dir='ltr'><strong>&#39;et</strong></span> <span class='ocrx_word' id='word_1_23' title='bbox 307 675 411 735; x_wconf 87' lang='lat' dir='ltr'><strong>lasciva</strong></span> <span class='ocrx_word' id='word_1_24' title='bbox 423 676 568 736; x_wconf 81' lang='lat' dir='ltr'><strong>decentius</strong></span> <span class='ocrx_word' id='word_1_25' title='bbox 579 679 692 736; x_wconf 82' lang='lat' dir='ltr'><strong>aetas.“</strong></span> 
     </span>
    </p>
   </div>
   <div class='ocr_carea' id='block_1_3' title="bbox 115 956 936 1162">
    <p class='ocr_par' dir='ltr' id='par_1_3' title="bbox 115 956 936 1162">
     <span class='ocr_line' id='line_1_6' title="bbox 115 956 936 1083; baseline 0.002 -27"><span class='ocrx_word' id='word_1_26' title='bbox 115 990 163 1077; x_wconf 62' lang='grc' dir='ltr'><strong>ῡ</strong></span> <span class='ocrx_word' id='word_1_27' title='bbox 339 1001 675 1058; x_wconf 60' lang='lat' dir='ltr'><strong>cerseolium„</strong></span> <span class='ocrx_word' id='word_1_28' title='bbox 773 956 936 1083; x_wconf 56' lang='lat' dir='ltr'><strong>EM·</strong></span> 
     </span>
     <span class='ocr_line' id='line_1_7' title="bbox 391 1107 627 1162; baseline -0.008 0"><span class='ocrx_word' id='word_1_29' title='bbox 391 1108 439 1162; x_wconf 77' lang='lat' dir='ltr'><strong>nn</strong></span> <span class='ocrx_word' id='word_1_30' title='bbox 462 1107 627 1160; x_wconf 78' lang='lat' dir='ltr'><strong>mucuns.</strong></span> 
     </span>
    </p>
   </div>
   <div class='ocr_carea' id='block_1_4' title="bbox 169 1216 917 1288">
    <p class='ocr_par' dir='ltr' id='par_1_4' title="bbox 169 1216 917 1288">
     <span class='ocr_line' id='line_1_8' title="bbox 169 1216 917 1288; baseline 0.004 -18"><span class='ocrx_word' id='word_1_31' title='bbox 169 1252 190 1283; x_wconf 61' lang='lat'><strong>¹1</strong></span> <span class='ocrx_word' id='word_1_32' title='bbox 214 1217 345 1271; x_wconf 79' lang='lat' dir='ltr'>LIBER</span> <span class='ocrx_word' id='word_1_33' title='bbox 370 1217 422 1268; x_wconf 77' lang='lat' dir='ltr'><strong>DE</strong></span> <span class='ocrx_word' id='word_1_34' title='bbox 447 1217 565 1270; x_wconf 79' lang='lat' dir='ltr'><strong>ARTE</strong></span> <span class='ocrx_word' id='word_1_35' title='bbox 594 1216 785 1272; x_wconf 77' lang='grc' dir='ltr'>ΡΟΕΤΙΟΑ</span> <span class='ocrx_word' id='word_1_36' title='bbox 811 1218 917 1288; x_wconf 79' lang='lat' dir='ltr'><strong>dictus]</strong></span> 
     </span>
    </p>
   </div>
   <div class='ocr_carea' id='block_1_5' title="bbox 62 1339 985 2921">
    <p class='ocr_par' dir='ltr' id='par_1_5' title="bbox 62 1339 985 2921">
     <span class='ocr_line' id='line_1_9' title="bbox 91 1339 645 1415; baseline -0.002 -17"><span class='ocrx_word' id='word_1_37' title='bbox 91 1356 151 1400; x_wconf 76' lang='lat' dir='ltr'><strong>‚unc</strong></span> <span class='ocrx_word' id='word_1_38' title='bbox 164 1340 247 1415; x_wconf 90' lang='lat' dir='ltr'><strong>capiti</strong></span> <span class='ocrx_word' id='word_1_39' title='bbox 259 1339 397 1397; x_wconf 82' lang='lat' dir='ltr'><strong>cervicem</strong></span> <span class='ocrx_word' id='word_1_40' title='bbox 411 1339 504 1415; x_wconf 86' lang='lat' dir='ltr'><strong>pictor</strong></span> <span class='ocrx_word' id='word_1_41' title='bbox 516 1341 645 1415; x_wconf 81' lang='lat' dir='ltr'><strong>equinam</strong></span> 
     </span>
     <span class='ocr_line' id='line_1_10' title="bbox 63 1420 695 1502; baseline -0.005 -19"><span class='ocrx_word' id='word_1_42' title='bbox 63 1441 147 1502; x_wconf 78' lang='lat' dir='ltr'><strong>igere</strong></span> <span class='ocrx_word' id='word_1_43' title='bbox 161 1425 185 1482; x_wconf 89' lang='lat' dir='ltr'><strong>si</strong></span> <span class='ocrx_word' id='word_1_44' title='bbox 195 1422 278 1496; x_wconf 83' lang='lat' dir='ltr'><strong>velit,</strong></span> <span class='ocrx_word' id='word_1_45' title='bbox 298 1430 326 1480; x_wconf 90' lang='lat' dir='ltr'><strong>et</strong></span> <span class='ocrx_word' id='word_1_46' title='bbox 336 1424 428 1481; x_wconf 84' lang='lat' dir='ltr'><strong>varias</strong></span> <span class='ocrx_word' id='word_1_47' title='bbox 442 1420 576 1480; x_wconf 91' lang='lat' dir='ltr'><strong>inducere</strong></span> <span class='ocrx_word' id='word_1_48' title='bbox 587 1420 695 1498; x_wconf 86' lang='lat' dir='ltr'><strong>plumas</strong></span> 
     </span>
     <span class='ocr_line' id='line_1_11' title="bbox 63 1506 717 1586; baseline -0.009 -18"><span class='ocrx_word' id='word_1_49' title='bbox 63 1507 155 1586; x_wconf 86' lang='lat' dir='ltr'><strong>dique</strong></span> <span class='ocrx_word' id='word_1_50' title='bbox 166 1506 275 1565; x_wconf 88' lang='lat' dir='ltr'><strong>collatis</strong></span> <span class='ocrx_word' id='word_1_51' title='bbox 289 1506 436 1580; x_wconf 90' lang='lat' dir='ltr'><strong>membris,</strong></span> <span class='ocrx_word' id='word_1_52' title='bbox 454 1513 485 1563; x_wconf 89' lang='lat' dir='ltr'><strong>ut</strong></span> <span class='ocrx_word' id='word_1_53' title='bbox 499 1507 618 1582; x_wconf 78' lang='lat' dir='ltr'><strong>turpiter</strong></span> <span class='ocrx_word' id='word_1_54' title='bbox 629 1513 717 1564; x_wconf 91' lang='lat' dir='ltr'><strong>atrum</strong></span> 
     </span>
     <span class='ocr_line' id='line_1_12' title="bbox 63 1588 692 1668; baseline -0.003 -20"><span class='ocrx_word' id='word_1_55' title='bbox 63 1593 142 1652; x_wconf 73' lang='lat' dir='ltr'><strong>sinat</strong></span> <span class='ocrx_word' id='word_1_56' title='bbox 152 1592 180 1650; x_wconf 90' lang='lat' dir='ltr'><strong>iu</strong></span> <span class='ocrx_word' id='word_1_57' title='bbox 190 1592 298 1668; x_wconf 79' lang='lat' dir='ltr'><strong>piscem</strong></span> <span class='ocrx_word' id='word_1_58' title='bbox 308 1588 408 1648; x_wconf 89' lang='lat' dir='ltr'><strong>mulier</strong></span> <span class='ocrx_word' id='word_1_59' title='bbox 422 1589 546 1648; x_wconf 84' lang='lat' dir='ltr'><strong>formosa</strong></span> <span class='ocrx_word' id='word_1_60' title='bbox 557 1605 692 1665; x_wconf 85' lang='lat' dir='ltr'><strong>superne:</strong></span> 
     </span>
     <span class='ocr_line' id='line_1_13' title="bbox 63 1669 667 1747; baseline -0.008 -12"><span class='ocrx_word' id='word_1_61' title='bbox 63 1684 187 1736; x_wconf 89' lang='lat' dir='ltr'><strong>ectatum</strong></span> <span class='ocrx_word' id='word_1_62' title='bbox 198 1674 311 1733; x_wconf 83' lang='lat' dir='ltr'><strong>admissi</strong></span> <span class='ocrx_word' id='word_1_63' title='bbox 321 1675 406 1731; x_wconf 89' lang='lat' dir='ltr'><strong>risum</strong></span> <span class='ocrx_word' id='word_1_64' title='bbox 417 1675 551 1747; x_wconf 90' lang='lat' dir='ltr'><strong>teneatis,</strong></span> <span class='ocrx_word' id='word_1_65' title='bbox 565 1669 667 1731; x_wconf 79' lang='lat' dir='ltr'><strong>amici?</strong></span> 
     </span>
     <span class='ocr_line' id='line_1_14' title="bbox 63 1755 675 1834; baseline -0.008 -15"><span class='ocrx_word' id='word_1_66' title='bbox 63 1759 155 1834; x_wconf 89' lang='lat' dir='ltr'><strong>edite,</strong></span> <span class='ocrx_word' id='word_1_67' title='bbox 172 1756 307 1832; x_wconf 85' lang='lat' dir='ltr'><strong>Pisones,</strong></span> <span class='ocrx_word' id='word_1_68' title='bbox 324 1758 370 1814; x_wconf 88' lang='lat' dir='ltr'><strong>isti</strong></span> <span class='ocrx_word' id='word_1_69' title='bbox 381 1756 491 1816; x_wconf 88' lang='lat' dir='ltr'><strong>tabulae</strong></span> <span class='ocrx_word' id='word_1_70' title='bbox 503 1756 565 1814; x_wconf 85' lang='lat' dir='ltr'><strong>iore</strong></span> <span class='ocrx_word' id='word_1_71' title='bbox 575 1755 675 1814; x_wconf 88' lang='lat' dir='ltr'><strong>librum</strong></span> 
     </span>
     <span class='ocr_line' id='line_1_15' title="bbox 63 1840 749 1917; baseline -0.009 -14"><span class='ocrx_word' id='word_1_72' title='bbox 63 1841 213 1917; x_wconf 87' lang='lat' dir='ltr'><strong>rsimilem,</strong></span> <span class='ocrx_word' id='word_1_73' title='bbox 228 1842 323 1915; x_wconf 88' lang='lat' dir='ltr'><strong>cuius,</strong></span> <span class='ocrx_word' id='word_1_74' title='bbox 342 1840 419 1899; x_wconf 87' lang='lat' dir='ltr'><strong>velut</strong></span> <span class='ocrx_word' id='word_1_75' title='bbox 430 1842 508 1916; x_wconf 80' lang='lat' dir='ltr'><strong>aegri</strong></span> <span class='ocrx_word' id='word_1_76' title='bbox 520 1841 644 1915; x_wconf 87' lang='lat' dir='ltr'><strong>somnia,</strong></span> <span class='ocrx_word' id='word_1_77' title='bbox 660 1856 749 1898; x_wconf 86' lang='lat' dir='ltr'><strong>vanae</strong></span> 
     </span>
     <span class='ocr_line' id='line_1_16' title="bbox 63 1923 714 2005; baseline -0.006 -19"><span class='ocrx_word' id='word_1_78' title='bbox 63 1934 178 2005; x_wconf 75' lang='lat' dir='ltr'><strong>rgentur</strong></span> <span class='ocrx_word' id='word_1_79' title='bbox 189 1926 321 2003; x_wconf 86' lang='lat' dir='ltr'><strong>speeies,</strong></span> <span class='ocrx_word' id='word_1_80' title='bbox 338 1932 368 1982; x_wconf 90' lang='lat' dir='ltr'><strong>ut</strong></span> <span class='ocrx_word' id='word_1_81' title='bbox 378 1942 432 1983; x_wconf 91' lang='lat' dir='ltr'><strong>nec</strong></span> <span class='ocrx_word' id='word_1_82' title='bbox 445 1941 497 2002; x_wconf 88' lang='lat' dir='ltr'><strong>pes</strong></span> <span class='ocrx_word' id='word_1_83' title='bbox 508 1941 563 1983; x_wconf 88' lang='lat' dir='ltr'><strong>nec</strong></span> <span class='ocrx_word' id='word_1_84' title='bbox 574 1933 658 2000; x_wconf 84' lang='lat' dir='ltr'><strong>caput</strong></span> <span class='ocrx_word' id='word_1_85' title='bbox 668 1923 714 1981; x_wconf 90' lang='lat' dir='ltr'><strong>uni</strong></span> 
     </span>
     <span class='ocr_line' id='line_1_17' title="bbox 63 2007 706 2086; baseline -0.006 -16"><span class='ocrx_word' id='word_1_86' title='bbox 63 2009 293 2070; x_wconf 86' lang='lat' dir='ltr'><strong>ddaturicrmae.</strong></span> <span class='ocrx_word' id='word_1_87' title='bbox 315 2007 597 2086; x_wconf 60' lang='lat' dir='ltr'><strong>§Pictoribusatque</strong></span> <span class='ocrx_word' id='word_1_88' title='bbox 613 2009 706 2085; x_wconf 74' lang='lat' dir='ltr'><strong>poetis</strong></span> 
     </span>
     <span class='ocr_line' id='line_1_18' title="bbox 63 2090 985 2169; baseline -0.003 -16"><span class='ocrx_word' id='word_1_89' title='bbox 63 2093 169 2154; x_wconf 83' lang='lat' dir='ltr'><strong>ddbbet</strong></span> <span class='ocrx_word' id='word_1_90' title='bbox 180 2090 299 2152; x_wconf 88' lang='lat' dir='ltr'><strong>audendi</strong></span> <span class='ocrx_word' id='word_1_91' title='bbox 312 2110 427 2169; x_wconf 90' lang='lat' dir='ltr'><strong>semper</strong></span> <span class='ocrx_word' id='word_1_92' title='bbox 438 2092 490 2151; x_wconf 85' lang='lat' dir='ltr'><strong>iuit</strong></span> <span class='ocrx_word' id='word_1_93' title='bbox 501 2110 591 2169; x_wconf 87' lang='lat' dir='ltr'><strong>aequa</strong></span> <span class='ocrx_word' id='word_1_94' title='bbox 603 2100 739 2169; x_wconf 86' lang='lat' dir='ltr'><strong>potestas.</strong></span> <span class='ocrx_word' id='word_1_95' title='bbox 878 2142 885 2161; x_wconf 84' lang='grc'><strong>,</strong></span> <span class='ocrx_word' id='word_1_96' title='bbox 947 2098 985 2158; x_wconf 86' lang='grc'><strong>10</strong></span> 
     </span>
     <span class='ocr_line' id='line_1_19' title="bbox 63 2176 928 2255; baseline 0 -18"><span class='ocrx_word' id='word_1_97' title='bbox 63 2179 180 2252; x_wconf 72' lang='lat' dir='ltr'><strong>seimus,</strong></span> <span class='ocrx_word' id='word_1_98' title='bbox 201 2186 230 2236; x_wconf 87' lang='lat' dir='ltr'><strong>et</strong></span> <span class='ocrx_word' id='word_1_99' title='bbox 239 2177 310 2236; x_wconf 88' lang='lat' dir='ltr'><strong>bunc</strong></span> <span class='ocrx_word' id='word_1_100' title='bbox 319 2178 430 2237; x_wconf 83' lang='lat' dir='ltr'><strong>venium</strong></span> <span class='ocrx_word' id='word_1_101' title='bbox 441 2177 618 2254; x_wconf 85' lang='lat' dir='ltr'><strong>petimusque</strong></span> <span class='ocrx_word' id='word_1_102' title='bbox 630 2176 784 2255; x_wconf 81' lang='lat' dir='ltr'><strong>damusque</strong></span> <span class='ocrx_word' id='word_1_103' title='bbox 793 2179 928 2254; x_wconf 81' lang='lat' dir='ltr'><strong>vicissim,</strong></span> 
     </span>
     <span class='ocr_line' id='line_1_20' title="bbox 63 2258 692 2338; baseline -0.006 -17"><span class='ocrx_word' id='word_1_104' title='bbox 63 2261 81 2321; x_wconf 97' lang='lat' dir='ltr'><strong>d</strong></span> <span class='ocrx_word' id='word_1_105' title='bbox 92 2275 149 2322; x_wconf 90' lang='lat' dir='ltr'><strong>non</strong></span> <span class='ocrx_word' id='word_1_106' title='bbox 161 2269 192 2319; x_wconf 86' lang='lat' dir='ltr'><strong>ut</strong></span> <span class='ocrx_word' id='word_1_107' title='bbox 204 2258 322 2338; x_wconf 87' lang='lat' dir='ltr'><strong>placidis</strong></span> <span class='ocrx_word' id='word_1_108' title='bbox 335 2266 437 2318; x_wconf 75' lang='lat' dir='ltr'><strong>coeant</strong></span> <span class='ocrx_word' id='word_1_109' title='bbox 450 2260 579 2334; x_wconf 91' lang='lat' dir='ltr'><strong>immitia,</strong></span> <span class='ocrx_word' id='word_1_110' title='bbox 593 2276 650 2318; x_wconf 92' lang='lat' dir='ltr'><strong>ncn</strong></span> <span class='ocrx_word' id='word_1_111' title='bbox 660 2269 692 2317; x_wconf 89' lang='lat' dir='ltr'><strong>ut</strong></span> 
     </span>
     <span class='ocr_line' id='line_1_21' title="bbox 62 2342 714 2423; baseline -0.009 -17"><span class='ocrx_word' id='word_1_112' title='bbox 62 2353 179 2423; x_wconf 84' lang='lat' dir='ltr'><strong>rpentes</strong></span> <span class='ocrx_word' id='word_1_113' title='bbox 193 2344 291 2404; x_wconf 85' lang='lat' dir='ltr'><strong>avibus</strong></span> <span class='ocrx_word' id='word_1_114' title='bbox 302 2343 492 2421; x_wconf 79' lang='lat' dir='ltr'><strong>geminentur,</strong></span> <span class='ocrx_word' id='word_1_115' title='bbox 508 2342 628 2418; x_wconf 76' lang='lat' dir='ltr'><strong>tigribus</strong></span> <span class='ocrx_word' id='word_1_116' title='bbox 639 2344 714 2419; x_wconf 74' lang='lat' dir='ltr'><strong>agni.</strong></span> 
     </span>
     <span class='ocr_line' id='line_1_22' title="bbox 63 2424 768 2507; baseline -0.004 -20"><span class='ocrx_word' id='word_1_117' title='bbox 63 2429 147 2507; x_wconf 85' lang='lat' dir='ltr'><strong>raptis</strong></span> <span class='ocrx_word' id='word_1_118' title='bbox 158 2428 290 2505; x_wconf 79' lang='lat' dir='ltr'><strong>gravibus</strong></span> <span class='ocrx_word' id='word_1_119' title='bbox 302 2426 467 2504; x_wconf 89' lang='lat' dir='ltr'><strong>plerumque</strong></span> <span class='ocrx_word' id='word_1_120' title='bbox 479 2434 508 2485; x_wconf 94' lang='lat' dir='ltr'><strong>et</strong></span> <span class='ocrx_word' id='word_1_121' title='bbox 519 2444 618 2503; x_wconf 85' lang='lat' dir='ltr'><strong>magna</strong></span> <span class='ocrx_word' id='word_1_122' title='bbox 631 2424 768 2504; x_wconf 80' lang='lat' dir='ltr'><strong>professis</strong></span> 
     </span>
     <span class='ocr_line' id='line_1_23' title="bbox 63 2509 983 2590; baseline 0 -18"><span class='ocrx_word' id='word_1_123' title='bbox 63 2529 200 2590; x_wconf 87' lang='lat' dir='ltr'><strong>rpurcus,</strong></span> <span class='ocrx_word' id='word_1_124' title='bbox 215 2509 272 2571; x_wconf 87' lang='lat' dir='ltr'><strong>late</strong></span> <span class='ocrx_word' id='word_1_125' title='bbox 283 2512 331 2588; x_wconf 84' lang='lat' dir='ltr'><strong>qui</strong></span> <span class='ocrx_word' id='word_1_126' title='bbox 343 2509 507 2588; x_wconf 88' lang='lat' dir='ltr'><strong>splendeat,</strong></span> <span class='ocrx_word' id='word_1_127' title='bbox 523 2528 595 2569; x_wconf 92' lang='lat' dir='ltr'><strong>unus</strong></span> <span class='ocrx_word' id='word_1_128' title='bbox 607 2519 635 2568; x_wconf 87' lang='lat' dir='ltr'><strong>et</strong></span> <span class='ocrx_word' id='word_1_129' title='bbox 646 2509 717 2569; x_wconf 88' lang='lat' dir='ltr'><strong>alter</strong></span> <span class='ocrx_word' id='word_1_130' title='bbox 947 2512 983 2573; x_wconf 85' lang='lat'><strong>15</strong></span> 
     </span>
     <span class='ocr_line' id='line_1_24' title="bbox 64 2593 678 2672; baseline -0.005 -17"><span class='ocrx_word' id='word_1_131' title='bbox 64 2597 154 2656; x_wconf 86' lang='lat' dir='ltr'><strong>suitur</strong></span> <span class='ocrx_word' id='word_1_132' title='bbox 167 2610 291 2672; x_wconf 88' lang='lat' dir='ltr'><strong>pannus,</strong></span> <span class='ocrx_word' id='word_1_133' title='bbox 305 2611 368 2653; x_wconf 90' lang='lat' dir='ltr'><strong>cum</strong></span> <span class='ocrx_word' id='word_1_134' title='bbox 380 2594 461 2653; x_wconf 89' lang='lat' dir='ltr'><strong>lucus</strong></span> <span class='ocrx_word' id='word_1_135' title='bbox 474 2603 502 2654; x_wconf 92' lang='lat' dir='ltr'><strong>et</strong></span> <span class='ocrx_word' id='word_1_136' title='bbox 514 2593 678 2653; x_wconf 80' lang='lat' dir='ltr'><strong>arabianae</strong></span> 
     </span>
     <span class='ocr_line' id='line_1_25' title="bbox 69 2677 796 2757; baseline -0.004 -20"><span class='ocrx_word' id='word_1_137' title='bbox 69 2680 246 2757; x_wconf 84' lang='lat' dir='ltr'><strong>properantis</strong></span> <span class='ocrx_word' id='word_1_138' title='bbox 259 2695 349 2755; x_wconf 85' lang='lat' dir='ltr'><strong>aquae</strong></span> <span class='ocrx_word' id='word_1_139' title='bbox 361 2695 412 2754; x_wconf 91' lang='lat' dir='ltr'><strong>per</strong></span> <span class='ocrx_word' id='word_1_140' title='bbox 422 2694 558 2737; x_wconf 85' lang='lat' dir='ltr'><strong>amoenos</strong></span> <span class='ocrx_word' id='word_1_141' title='bbox 570 2677 689 2737; x_wconf 84' lang='lat' dir='ltr'><strong>ambitus</strong></span> <span class='ocrx_word' id='word_1_142' title='bbox 701 2693 796 2754; x_wconf 81' lang='lat' dir='ltr'><strong>agros,</strong></span> 
     </span>
     <span class='ocr_line' id='line_1_26' title="bbox 64 2760 819 2837; baseline -0.003 -16"><span class='ocrx_word' id='word_1_143' title='bbox 64 2761 190 2822; x_wconf 87' lang='lat' dir='ltr'><strong>tiiumen</strong></span> <span class='ocrx_word' id='word_1_144' title='bbox 200 2761 342 2836; x_wconf 81' lang='lat' dir='ltr'><strong>Rhenum,</strong></span> <span class='ocrx_word' id='word_1_145' title='bbox 362 2769 409 2821; x_wconf 78' lang='lat' dir='ltr'><strong>aut</strong></span> <span class='ocrx_word' id='word_1_146' title='bbox 419 2761 531 2837; x_wconf 84' lang='lat' dir='ltr'><strong>pluvius</strong></span> <span class='ocrx_word' id='word_1_147' title='bbox 545 2760 713 2820; x_wconf 79' lang='lat' dir='ltr'><strong>describitur</strong></span> <span class='ocrx_word' id='word_1_148' title='bbox 723 2778 819 2830; x_wconf 87' lang='lat' dir='ltr'><strong>arcus,</strong></span> 
     </span>
     <span class='ocr_line' id='line_1_27' title="bbox 64 2843 825 2921; baseline -0.001 -17"><span class='ocrx_word' id='word_1_149' title='bbox 64 2845 164 2905; x_wconf 88' lang='lat' dir='ltr'><strong>dnune</strong></span> <span class='ocrx_word' id='word_1_150' title='bbox 173 2862 230 2905; x_wconf 93' lang='lat' dir='ltr'><strong>non</strong></span> <span class='ocrx_word' id='word_1_151' title='bbox 241 2854 301 2904; x_wconf 89' lang='lat' dir='ltr'><strong>erat</strong></span> <span class='ocrx_word' id='word_1_152' title='bbox 311 2845 355 2905; x_wconf 88' lang='lat' dir='ltr'><strong>his</strong></span> <span class='ocrx_word' id='word_1_153' title='bbox 366 2844 457 2902; x_wconf 87' lang='lat' dir='ltr'><strong>iocus.</strong></span> <span class='ocrx_word' id='word_1_154' title='bbox 476 2843 513 2903; x_wconf 81' lang='lat' dir='ltr'><strong>Et</strong></span> <span class='ocrx_word' id='word_1_155' title='bbox 525 2844 647 2904; x_wconf 86' lang='lat' dir='ltr'><strong>fortasse</strong></span> <span class='ocrx_word' id='word_1_156' title='bbox 659 2862 825 2921; x_wconf 88' lang='lat' dir='ltr'><strong>cupressum</strong></span> 
     </span>
    </p>
   </div>
   <div class='ocr_carea' id='block_1_6' title="bbox 64 2926 985 3426">
    <p class='ocr_par' dir='ltr' id='par_1_6' title="bbox 64 2926 985 3090">
     <span class='ocr_line' id='line_1_28' title="bbox 64 2926 985 3006; baseline 0.002 -18"><span class='ocrx_word' id='word_1_157' title='bbox 64 2931 85 2988; x_wconf 90' lang='lat' dir='ltr'><strong>is</strong></span> <span class='ocrx_word' id='word_1_158' title='bbox 101 2927 247 2989; x_wconf 88' lang='lat' dir='ltr'><strong>simulare:</strong></span> <span class='ocrx_word' id='word_1_159' title='bbox 267 2926 418 3006; x_wconf 87' lang='lat' dir='ltr'><strong>quidhoc,</strong></span> <span class='ocrx_word' id='word_1_160' title='bbox 436 2929 460 2986; x_wconf 91' lang='lat' dir='ltr'><strong>si</strong></span> <span class='ocrx_word' id='word_1_161' title='bbox 476 2927 572 2987; x_wconf 80' lang='lat' dir='ltr'><strong>baetis</strong></span> <span class='ocrx_word' id='word_1_162' title='bbox 585 2937 677 2988; x_wconf 84' lang='lat' dir='ltr'><strong>enatat</strong></span> <span class='ocrx_word' id='word_1_163' title='bbox 689 2946 794 3006; x_wconf 82' lang='lat' dir='ltr'><strong>exspes</strong></span> <span class='ocrx_word' id='word_1_164' title='bbox 944 2929 985 2993; x_wconf 86' lang='lat'><strong>20</strong></span> 
     </span>
     <span class='ocr_line' id='line_1_29' title="bbox 65 3008 806 3090; baseline 0 -18"><span class='ocrx_word' id='word_1_165' title='bbox 65 3013 163 3089; x_wconf 88' lang='lat' dir='ltr'><strong>ribus,</strong></span> <span class='ocrx_word' id='word_1_166' title='bbox 180 3031 248 3072; x_wconf 88' lang='lat' dir='ltr'><strong>aere</strong></span> <span class='ocrx_word' id='word_1_167' title='bbox 259 3010 323 3071; x_wconf 89' lang='lat' dir='ltr'><strong>dato</strong></span> <span class='ocrx_word' id='word_1_168' title='bbox 339 3013 386 3089; x_wconf 90' lang='lat' dir='ltr'><strong>qui</strong></span> <span class='ocrx_word' id='word_1_169' title='bbox 399 3008 541 3088; x_wconf 78' lang='lat' dir='ltr'><strong>pingitur?</strong></span> <span class='ocrx_word' id='word_1_170' title='bbox 555 3011 697 3089; x_wconf 79' lang='lat' dir='ltr'><strong>Amphora</strong></span> <span class='ocrx_word' id='word_1_171' title='bbox 709 3015 806 3090; x_wconf 87' lang='lat' dir='ltr'><strong>coepit</strong></span> 
     </span>
    </p>

    <p class='ocr_par' dir='ltr' id='par_1_7' title="bbox 64 3093 632 3156">
     <span class='ocr_line' id='line_1_30' title="bbox 64 3093 632 3156; baseline 0.004 -3"><span class='ocrx_word' id='word_1_172' title='bbox 64 3098 145 3156; x_wconf 75' lang='lat' dir='ltr'><strong>tium:</strong></span> <span class='ocrx_word' id='word_1_173' title='bbox 163 3105 291 3156; x_wconf 89' lang='lat' dir='ltr'><strong>currente</strong></span> <span class='ocrx_word' id='word_1_174' title='bbox 301 3103 363 3154; x_wconf 89' lang='lat' dir='ltr'><strong>rota</strong></span> <span class='ocrx_word' id='word_1_175' title='bbox 375 3112 426 3153; x_wconf 92' lang='lat' dir='ltr'><strong>cur</strong></span> <span class='ocrx_word' id='word_1_176' title='bbox 439 3113 542 3155; x_wconf 87' lang='lat' dir='ltr'><strong>urceus</strong></span> <span class='ocrx_word' id='word_1_177' title='bbox 554 3093 632 3156; x_wconf 78' lang='lat' dir='ltr'><strong>exit?</strong></span> 
     </span>
    </p>

    <p class='ocr_par' dir='ltr' id='par_1_8' title="bbox 65 3178 768 3259">
     <span class='ocr_line' id='line_1_31' title="bbox 65 3178 768 3259; baseline -0.004 -19"><span class='ocrx_word' id='word_1_178' title='bbox 65 3182 152 3259; x_wconf 89' lang='lat' dir='ltr'><strong>nique</strong></span> <span class='ocrx_word' id='word_1_179' title='bbox 164 3181 200 3238; x_wconf 89' lang='lat' dir='ltr'><strong>sit</strong></span> <span class='ocrx_word' id='word_1_180' title='bbox 221 3180 332 3258; x_wconf 83' lang='lat' dir='ltr'><strong>quidvis</strong></span> <span class='ocrx_word' id='word_1_181' title='bbox 357 3178 480 3257; x_wconf 83' lang='lat' dir='ltr'><strong>simplex</strong></span> <span class='ocrx_word' id='word_1_182' title='bbox 495 3179 626 3241; x_wconf 85' lang='lat' dir='ltr'><strong>duntaxat</strong></span> <span class='ocrx_word' id='word_1_183' title='bbox 636 3187 666 3238; x_wconf 91' lang='lat' dir='ltr'><strong>et</strong></span> <span class='ocrx_word' id='word_1_184' title='bbox 675 3197 768 3238; x_wconf 91' lang='lat' dir='ltr'><strong>unum.</strong></span> 
     </span>
    </p>

    <p class='ocr_par' dir='ltr' id='par_1_9' title="bbox 64 3261 983 3426">
     <span class='ocr_line' id='line_1_32' title="bbox 64 3261 794 3341; baseline -0.007 -17"><span class='ocrx_word' id='word_1_185' title='bbox 64 3265 140 3324; x_wconf 80' lang='lat' dir='ltr'><strong>xima</strong></span> <span class='ocrx_word' id='word_1_186' title='bbox 153 3280 219 3339; x_wconf 90' lang='lat' dir='ltr'><strong>pars</strong></span> <span class='ocrx_word' id='word_1_187' title='bbox 228 3271 338 3339; x_wconf 85' lang='lat' dir='ltr'><strong>vatum,</strong></span> <span class='ocrx_word' id='word_1_188' title='bbox 353 3272 473 3341; x_wconf 86' lang='lat' dir='ltr'><strong>pateret</strong></span> <span class='ocrx_word' id='word_1_189' title='bbox 484 3265 603 3323; x_wconf 82' lang='lat' dir='ltr'><strong>iuvenes</strong></span> <span class='ocrx_word' id='word_1_190' title='bbox 617 3271 695 3340; x_wconf 87' lang='lat' dir='ltr'><strong>patre</strong></span> <span class='ocrx_word' id='word_1_191' title='bbox 707 3261 794 3338; x_wconf 77' lang='lat' dir='ltr'><strong>digni,</strong></span> 
     </span>
     <span class='ocr_line' id='line_1_33' title="bbox 67 3345 983 3426; baseline -0.001 -19"><span class='ocrx_word' id='word_1_192' title='bbox 67 3348 296 3426; x_wconf 87' lang='lat' dir='ltr'><strong>cipimurspecic</strong></span> <span class='ocrx_word' id='word_1_193' title='bbox 307 3348 388 3407; x_wconf 88' lang='lat' dir='ltr'><strong>recti.</strong></span> <span class='ocrx_word' id='word_1_194' title='bbox 410 3346 510 3406; x_wconf 81' lang='lat' dir='ltr'><strong>Brevis</strong></span> <span class='ocrx_word' id='word_1_195' title='bbox 525 3365 590 3406; x_wconf 89' lang='lat' dir='ltr'><strong>esse</strong></span> <span class='ocrx_word' id='word_1_196' title='bbox 601 3347 710 3420; x_wconf 87' lang='lat' dir='ltr'><strong>laboro,</strong></span> <span class='ocrx_word' id='word_1_197' title='bbox 946 3345 983 3408; x_wconf 82' lang='lat'><strong>25</strong></span> 
     </span>
    </p>
   </div>
   <div class='ocr_carea' id='block_1_7' title="bbox 0 0 1140 3878">
    <p class='ocr_par' dir='ltr' id='par_1_10' title="bbox 0 0 1140 3878">
     <span class='ocr_line' id='line_1_34' title="bbox 0 0 1140 3878; baseline 0 0"><span class='ocrx_word' id='word_1_198' title='bbox 0 0 1140 3878; x_wconf 95' lang='lat' dir='ltr'><strong> </strong></span> 
     </span>
    </p>
   </div>
  </div>
 </body>
</html>
