2266 3878
79 1007 120 1068 20

403 254 407 272 ’
469 302 476 311 =
496 265 649 328 utouou

232 419 358 480 Furome
374 437 495 494 caecus,
512 421 631 497 anrapit
643 422 686 479 vis
703 423 806 497 acrior,

282 503 326 564 An
341 500 443 581 eulpa?
463 502 645 580 Responsum
657 503 733 563 date!
746 539 784 548 —

231 585 349 665 Tacent,
362 595 392 646 et
402 603 451 647 ora
463 587 554 664 pallor
564 587 644 657 albus
655 587 743 647 iniioit
786 642 790 649 ,

280 669 449 749 lienteeque
462 670 611 749 p'ereulsae
623 679 745 748 stupent.

232 756 281 814 Sio
295 763 353 814 est:
365 754 467 816 acerba
478 753 535 814 iata
546 754 689 814 Romanos
711 765 797 832 agrmt

280 837 439 915 Soelurque
450 837 588 898 fraternae
598 838 689 914 neeis,

229 921 265 982 Ut
277 922 448 981 immerentis
461 921 539 980 fluxit
552 924 693 981 interram
707 920 789 982 Remi

280 1005 370 1064 Sacer
379 1005 530 1081 nepotibus
543 1022 635 1065 eruor.

331 1394 334 1398 ·
450 1365 549 1421 omit
561 1367 664 1423 vm.

324 1472 365 1525 IN
384 1472 492 1525 ANUM
509 1473 755 1532 LlBlDlNOSAM.

222 1583 338 1661 Rogare
348 1582 436 1662 longo
448 1584 570 1662 putidam
581 1594 610 1645 te
623 1586 750 1664 saeculo,

257 1667 356 1728 ·Viree
368 1668 436 1746 quid
451 1677 568 1728 enervet
583 1687 672 1746 meae,

102 1739 106 1752 ⁸
223 1749 292 1812 Cum
308 1753 344 1810 sit
355 1753 405 1811 tibi
420 1752 489 1811 dens
504 1761 579 1829 ater,
593 1762 622 1812 et
632 1755 711 1832 mgis
722 1763 805 1814 vetus

64 3166 118 3239 χοὶ

271 1834 405 1895 Frontem
419 1845 551 1895 seneotne
567 1847 675 1917 exaret,

161 1962 174 1999 ¹,
223 1919 346 1997 Hietque
358 1921 449 1997 turpis
462 1921 534 1979 inter
544 1921 636 1980 aridas
648 1931 728 1981 nates

272 2001 369 2061 Pollex
379 2002 457 2062 velut
472 2003 575 2063 crudae
584 2003 691 2064 bovis?
707 2031 711 2036 -

220 2086 279 2146 Sed
296 2087 393 2145 incitat
406 2104 451 2145 me
467 2097 566 2163 peetus
581 2098 609 2147 et
620 2106 753 2148 mammae
766 2098 875 2170 putres,

269 2168 379 2247 Equina
391 2168 489 2248 quales
500 2172 595 2248 ubera,

218 2253 382 2333 venterque
394 2253 487 2313 mollis
500 2263 529 2314 et
543 2254 633 2315 lemur
644 2257 814 2317 tumentibus

271 2336 354 2397 Exile
370 2339 443 2397 suris
454 2335 595 2397 additum?

217 2420 288 2482 Esto
299 2422 392 2497 beata,
405 2421 489 2481 funus
503 2431 587 2501 atque
599 2423 736 2497 imagines

269 2505 380 2565 Ducant
392 2503 574 2582 triumphales
585 2515 671 2579 tuum,

217 2588 278 2648 Neo
290 2591 327 2649 sit
342 2590 453 2663 marita,
467 2606 540 2666 quae
551 2591 759 2654 rotundioribus

269 2671 375 2732 Onusta
387 2672 484 2732 baoois
496 2671 628 2732 ambulet.

219 2755 308 2832 Quid,
322 2755 399 2834 quod
410 2754 499 2816 libelli
511 2757 594 2815 stoioi
606 2758 679 2816 inter
693 2759 803 2818 sericos

266 2838 365 2901 lacere
380 2839 514 2917 pulvilloe
525 2835 635 2899 amant?

215 2921 342 2983 illiterati
352 2941 418 2983 num
429 2925 519 2983 minus
534 2924 612 2982 nervi
623 2924 726 3000 rigent,

265 3005 394 3066 llinurve
404 3004 518 3084 languet
529 3003 685 3068 lasciuum?

216 3088 301 3163 Quod
311 3099 342 3150 ut
352 3091 477 3168 superbo
488 3106 629 3168 provoces
641 3091 675 3150 ab
687 3092 815 3172 inguine,

267 3173 324 3234 Ore
335 3173 542 3235 allaborandum
550 3183 596 3233 est
611 3174 671 3234 tihi.

889 271 899 348 l
