2266 3878
149 267 210 332 158
410 339 414 344 ,
525 267 741 330 sannanim
987 246 1052 354 [sac
1065 275 1100 352 ιι

233 421 281 480 Sic
296 421 343 499 qui
356 420 506 496 promittit,
520 422 615 496 cives,
628 422 725 481 urbem
737 424 791 483 sibi
804 441 899 500 curae,

168 505 210 567 35
231 502 381 582 Imperium
393 503 461 561 fore
465 513 493 563 et
504 502 610 564 ltaliam
622 513 651 562 et
667 504 782 566 delubra
794 507 921 583 deorum,

232 588 297 670 Quo
309 595 388 664 patre
402 587 438 645 sit
448 595 544 662 uatus,
557 606 622 646 num
632 589 727 665 ignota
738 599 824 689 matre
836 591 1013 669 inhonestus,

232 671 335 730 Omnes
345 668 478 730 mortales
491 689 588 730 curare
602 681 630 730 et
641 666 778 748 quaerer'e
790 675 877 751 cogit.
935 691 942 722 1

231 759 251 824 9
261 748 354 829 Tune,
371 753 453 830 Syri,
467 752 587 828 Damae,
601 763 647 813 aut
657 754 777 831 Dionysi
792 756 882 831 filius,
901 757 991 818 audes

230 838 364 898 Deiicere
376 856 393 897 e
404 854 472 897 saxo
485 839 563 896 cives
574 847 621 896 aut
633 838 742 898 tradere
755 837 882 900 Cadmo?

168 922 209 987 40
230 927 250 992 9
259 921 297 981 At
306 921 415 982 Novius
427 920 538 997 collega
549 920 636 997 gradu
649 931 714 998 post
724 941 769 982 me
781 923 862 982 sedet
873 941 945 984 uuo:

229 1000 357 1084 Namque
371 1003 489 1080 estille,
510 1013 590 1081 pater
601 1005 677 1082 quod
688 1015 747 1065 erat
756 1025 846 1066 meus.
869 1006 1033 1076 illectibi'

791 1090 902 1151 Paullus
1006 1135 1008 1139 a

227 1172 265 1232 Et
274 1170 396 1231 Messala
406 1168 532 1229 videris?
547 1169 583 1230 At
598 1172 659 1249 hio,
672 1175 696 1232 si
709 1173 815 1253 plostra
826 1174 946 1236 ducenta

230 1255 460 1332 concurrantque
471 1253 534 1313 loro
546 1256 597 1314 tria
609 1256 720 1332 funera,
735 1269 834 1335 magna
845 1259 959 1318 sonabit

229 1336 341 1399 Cornua
353 1338 429 1416 quod
439 1339 588 1415 vincatque
599 1341 694 1399 tubas:
706 1340 805 1400 saltem
816 1351 894 1401 tenet
903 1343 961 1401 hoc
972 1356 1025 1401 nos
1034 1345 1048 1393 ,·

165 1421 204 1484 45
227 1422 339 1493 §Nune
350 1421 385 1481 ad
395 1441 440 1481 me
453 1422 540 1482 redeo
552 1422 681 1483 libertino
696 1433 774 1502 patre
785 1434 888 1500 uatum,

228 1505 319 1580 Quem
328 1505 429 1565 rodunt
441 1522 537 1565 omnes
549 1505 679 1567 libertino
692 1516 772 1585 patre
786 1511 889 1584 natum,

225 1590 316 1664 Nunc,
330 1591 394 1668 quia
403 1608 465 1650 sum
476 1589 539 1666 tibi,
552 1588 712 1665 Maecenas,
720 1630 721 1635 κ
729 1594 889 1668 convictor,
902 1600 931 1651 at
942 1591 1019 1669 olim,

227 1673 310 1746 Quod
325 1674 396 1736 milri
406 1683 516 1750 pareret
528 1672 604 1750 legio
616 1673 740 1735 Romana
751 1676 872 1734 tribuno.
899 1729 908 1743 „

81 1824 86 1835 ἱ
145 1754 149 1758 ’
225 1757 370 1817 Dissimile
381 1758 437 1816 hoc
448 1756 487 1815 illi
500 1765 560 1831 est,
577 1760 726 1834 quianon,
746 1767 776 1818 ut
787 1759 869 1818 forsit
882 1758 1018 1818 honorem

164 1840 204 1902 50
225 1839 288 1902 lure
300 1841 367 1899 mihi
378 1839 499 1899 invideat
511 1842 617 1916 quiris,
632 1842 670 1900 ita
681 1851 710 1901 te
721 1859 835 1920 quoque
846 1844 976 1919 amicum,

93 1946 110 1962 ’-
224 1924 390 1984 Praesertim
402 1931 510 1982 cautum
522 1922 623 1999 dignos
635 1924 797 2000 adsumere,
813 1942 900 2002 prava

223 2007 383 2066 Ambitione
398 2004 506 2083 procul.
518 2004 642 2065 Felicem
654 2004 748 2067 die'ere
758 2023 815 2069 uon
826 2008 883 2067 hoe

223 2089 271 2150 lile
282 2089 406 2167 possim,
419 2106 486 2148 casu
498 2089 573 2166 quod
587 2099 615 2149 te
631 2093 746 2150 sortitus
758 2093 890 2151 amioum:

223 2172 306 2233 Nulla
317 2173 420 2232 etenim
431 2172 496 2231 milri
508 2181 537 2232 te
548 2173 608 2232 fors
621 2173 733 2243 obtulit;
750 2177 872 2254 optimus
883 2173 951 2234 olim

87 2332 88 2337 ἵ
162 2258 200 2318 55
221 2256 371 2335 Vlrgilius,
391 2264 456 2333 post
467 2255 541 2316 huuc
552 2256 651 2317 Varius
668 2257 765 2318 dixere
777 2259 844 2336 quid
858 2275 963 2318 essem.

56 2342 61 2347 “
222 2341 260 2401 Ut
269 2342 333 2400 reni
346 2357 455 2416 coram,
468 2339 609 2418 singultim
626 2359 712 2418 pauca
723 2341 844 2419 loeutus,
858 2374 869 2385 ·

222 2423 315 2485 lufaus
326 2442 444 2502 namque
456 2424 548 2502 pudor
559 2425 724 2503 prohibebat
742 2424 821 2502 plura
832 2425 949 2503 profari,
962 2459 973 2470 ·

223 2507 286 2567 Non
298 2522 354 2586 ego
368 2526 414 2567 me
428 2507 504 2568 claro
515 2517 607 2569 natum
618 2517 711 2586 patre,
726 2527 782 2568 nou
799 2527 855 2609 ego
869 2511 975 2569 circum

221 2590 269 2651 lle
279 2591 449 2652 Saturerano
453 2594 570 2652 vectari
570 2611 634 2653 rura
645 2592 806 2669 caballo,

160 2679 201 2738 60
223 2675 296 2752 Sed,
311 2674 387 2754 quod
401 2674 494 2752 crard,
517 2694 608 2736 uarro
641 2675 828 2754 Respondes,
851 2684 882 2735 ut
894 2685 959 2738 tuus
972 2688 1017 2740 est

822 2775 894 2834 mos,

221 2841 327 2902 Pauca:
339 2842 429 2919 abeo,
443 2852 472 2903 et
482 2861 600 2904 revocas
611 2859 686 2903 nono
699 2852 765 2921 post
775 2860 871 2902 meuse
879 2844 1023 2925 rubeaque

220 2925 333 2987 Essem
344 2929 494 2987 amicorum
506 2944 632 2986 numero.
650 2926 780 3026 Magnum
791 2927 847 2986 hoc
858 2943 914 3005 ego
926 2928 1013 3015 duco,

222 3009 304 3082 Quod
323 3010 416 3090 placui
433 3011 502 3087 tibi,
516 3013 562 3088 qui
573 3012 646 3088 turpi
657 3012 784 3069 secernis
796 3011 945 3070 honestum

247 3111 283 3154 ou
296 3105 374 3173 patre
390 3092 535 3173 praeclaro
548 3092 599 3153 sed
609 3095 666 3153 rita
680 3102 708 3153 et
723 3102 840 3170 pectore
856 3111 938 3170 puro.
1031 3122 1035 3131 ’

87 3214 89 3225 ·
146 3179 197 3239 dd
210 3092 340 3299 ldtqui
317 3198 340 3239 ιι
351 3181 427 3239 vitiis
438 3176 628 3236 mediocribus
641 3194 675 3236 ac
686 3194 748 3236 mea
760 3179 857 3254 paucis

210 3259 354 3335 ,llendosa
365 3271 409 3323 est
420 3269 528 3336 natura,
541 3258 647 3338 alioqui
658 3268 745 3336 recta,
758 3260 859 3322 -,velut
869 3263 893 3320 si
931 3290 934 3295 ·

210 3342 343 3425 lllgregio
354 3349 499 3425 inspersos
510 3344 700 3421 reprehendas
716 3360 837 3422 corpore
851 3362 969 3422 naevos,
984 3377 995 3390 ·

67 3507 199 3648 κ,
