2266 3878
162 273 224 338 noa
525 273 786 336 nrrsnomnun
939 279 1107 352 [spretas]

243 427 393 489 luriculas
404 427 527 487 citharae
538 425 660 486 collecta
673 425 759 486 sorde
770 424 910 486 dolentes.

244 513 390 572 Sincemm
401 520 446 570 est
457 511 510 569 uisi
524 528 590 586 ras,
609 509 799 589 quodeunque
814 509 938 570 infundis
949 513 1060 573 acescit

181 599 221 661 55
243 596 354 676 Sperne
368 595 545 673 voluptates:
560 602 645 654 nocet
660 603 733 654 emta
745 593 844 654 dolore
854 592 997 672 voluptas.

243 680 363 759 Semper
374 697 475 740 avarus
488 687 570 756 eget:
584 686 691 737 eertum
701 687 768 738 roto
781 687 850 756 pete
866 677 960 738 finem.

241 763 355 824 Invidus
370 762 485 825 ulterius
496 764 645 822 macrescit
655 756 741 822 rebus
753 763 871 840 opimis:
961 811 965 817 .
1001 780 1004 786 ·

242 847 349 909 Invidia
361 846 448 907 Siculi
459 864 516 906 non
527 847 661 905 invenere
671 848 792 921 tyranni.

223 922 330 992 'Maius
343 940 521 992 tormentum.
545 928 600 1002 Qui
612 947 669 989 non
679 930 869 990 moderabitur
879 932 950 1006 irae,
1067 962 1074 969 ·

179 1018 220 1079 60
240 1013 379 1075 luleotum
391 1014 470 1074 volet
482 1032 564 1091 csse,
577 1013 660 1073 dolor
670 1013 747 1092 quod
762 1015 883 1074 suaserit
893 1023 924 1075 et
932 1031 1020 1090 mens,

241 1098 314 1158 Dum
326 1115 433 1176 poenas
445 1097 511 1157 odio
523 1115 575 1176 per
586 1100 643 1157 vim
654 1097 768 1159 festinat
779 1097 878 1157 inulto.

240 1181 285 1241 lra
297 1182 375 1241 furor
386 1183 480 1247 brevis
493 1190 554 1241 cst:
568 1183 688 1241 animum
700 1200 786 1260 regc;
799 1183 846 1260 qui
860 1182 916 1242 nisi
932 1189 1018 1259 paret,

240 1263 377 1343 imperat:
390 1266 464 1325 bunc
476 1265 580 1341 frenis,
593 1265 667 1326 buno
682 1274 713 1325 tu
724 1283 878 1344 compesce
890 1274 997 1325 catena.
1064 1286 1067 1291 ’

239 1348 333 1428 Fingit
345 1367 448 1427 equum
459 1358 555 1409 tenera
573 1349 694 1409 docilem
709 1351 823 1409 cervice
835 1351 971 1428 magister

178 1435 217 1494 65
240 1431 304 1509 Ire,
317 1435 390 1492 viam
401 1451 457 1510 qua
467 1442 604 1494 monstret
616 1451 721 1511 equcs3
732 1435 896 1510 veneficus,
910 1451 947 1494 ox
957 1448 1010 1512 quo

241 1515 382 1595 Tempore
394 1519 533 1577 cervinam
545 1516 649 1594 pellem
661 1516 769 1577 latravit
783 1520 811 1576 in
823 1517 897 1594 aula,

239 1599 339 1660 Militat
349 1603 377 1660 iu
392 1600 471 1661 silvis
488 1601 606 1661 catulus.
630 1599 711 1660 Nune
723 1601 824 1661 adhibe
838 1618 909 1678 puro

239 1681 360 1746 Pectore
370 1685 473 1762 verba,
489 1702 576 1762 puer,
588 1702 661 1744 nunc
671 1693 700 1745 te
710 1684 875 1744 melioribus
886 1684 967 1746 oller.

241 1765 305 1840 Quo
321 1767 411 1829 semel
422 1777 466 1828 est
477 1769 706 1831 imbuta-recens
727 1769 852 1829 servabit
863 1768 979 1829 odorem

177 1849 219 1912 70
239 1849 324 1912 Testa
336 1852 393 1912 diu.
416 1850 525 1924 Quodsi
538 1869 636 1924 cessas
652 1861 699 1912 aut
710 1860 839 1912 strenuus
850 1850 954 1929 anteis‚‘

241 1934 303 1994 Neo
314 1935 422 1996 tardum
433 1937 569 2013 opperior
580 1953 636 1995 nec
648 1935 883 2012 praecedentibus
894 1937 977 1997 lusto.
1005 1936 1010 1949 '

565 2134 716 2144 ——a-

467 2299 716 2358 lnl‘lsuoun
729 2301 805 2356 111.

378 2408 437 2463 un
465 2408 654 2482 rourum
681 2407 899 2462 suenum.
1018 2479 1021 2483 ῃ

234 2522 287 2584 luli
298 2522 399 2599 Flore,
413 2523 514 2601 quibus
525 2529 661 2581 terrarum
671 2521 770 2580 militet
781 2522 839 2579 oris

236 2606 369 2668 Claudius
379 2605 500 2684 Augusti
514 2607 676 2684 privignus,
689 2606 766 2665 seire
775 2603 885 2665 laboro.

236 2690 379 2752 Thracane
389 2704 443 2749 vos
454 2689 623 2768 Hebrusque
632 2687 717 2748 nivali
729 2687 869 2767 compede
880 2690 999 2766 vinetus,

45 2818 48 2825 -
111 2844 116 2857 ,
227 2775 278 2834 ‘An
290 2775 362 2834 freta
372 2775 480 2834 vicinas
492 2775 564 2834 inter
576 2775 714 2834 currentia
723 2781 826 2848 turres,

195 2858 212 2919 b
227 2856 278 2918 'An
293 2860 414 2936 pingues
427 2858 514 2918 Asiae
526 2859 617 2935 campi
630 2855 778 2935 collesque
789 2853 953 2917 morantur?

236 2942 310 3017 Quid
323 2942 449 3003 studiosa
462 2942 566 3002 cohors
580 2959 697 3020 operum
709 2937 812 3000 uouit?
829 2940 885 2999 hoc
904 2955 1016 3020 quoque
1028 2947 1090 2997 outo

234 3025 304 3100 Quis
317 3027 371 3088 sibi
381 3044 429 3085 res
440 3035 538 3103 gestas
548 3024 669 3103 Augusti
680 3025 807 3086 seribere
819 3021 923 3084 sumiti

232 3110 311 3172 Bella
323 3111 387 3189 quis
399 3117 428 3168 et
439 3126 526 3186 paces
537 3107 653 3186 longum
664 3107 792 3170 diffundit
803 3110 831 3167 in
842 3104 962 3169 uerum?

234 3195 307 3268 Quid
322 3193 410 3253 Titius
425 3191 550 3252 Romana
565 3193 644 3251 brevi
658 3202 792 3253 venturus
805 3193 835 3251 in
847 3206 908 3268 ora,
966 3230 969 3235 -
1002 3248 1005 3252 .

172 3281 211 3342 10
232 3277 370 3339 Pindarici
382 3276 469 3337 fontis
481 3277 529 3355 qui
541 3292 597 3336 non
613 3275 748 3354 expalluit
758 3277 884 3353 haustus,

229 3361 368 3423 Fastidire
384 3359 462 3422 lacus
475 3370 504 3421 et
516 3362 594 3423 rivos
605 3378 689 3422 ansus
701 3357 837 3440 apertos?
871 3389 872 3392 ¹
