2266 3878
25 298 127 354 aas.
141 253 195 367 ae]
415 251 563 355 nunna.

158 443 257 524 Cogor
266 444 400 505 relictos:
412 464 533 524 numque
544 447 699 525 Diespiter,

157 527 219 607 Igui
235 544 358 588 corusco
371 529 466 589 nubila
481 529 609 589 dividens

209 611 388 692 Plerumque,
406 631 459 689 per
476 630 576 691 purum
587 622 716 674 tonantes

261 694 329 774 Egit
345 712 436 774 equos
447 697 650 776 volucremque
664 714 784 773 currum,

129 890 134 898 g
159 817 221 893 Quo
233 820 314 880 bruta
325 819 409 880 tellus
423 830 452 880 et
461 839 535 899 vaga
545 821 668 898 flumina,

159 902 223 978 Quo
235 904 306 982 Styx
318 913 347 964 et
358 906 441 965 inuisi
452 905 565 965 horrida
576 904 695 966 Taenari

210 988 301 1048 Sedes
312 987 516 1067 Atlanteusque
528 989 592 1050 funis

265 1069 441 1132 Concutitur.
466 1070 549 1133 Valet
561 1073 615 1132 ima
628 1073 743 1132 summis

66 1191 75 1195 ⁴
157 1193 276 1271 Mutare,
290 1204 318 1255 et
329 1198 468 1274 insignem
478 1204 601 1257 attenuat
614 1195 696 1273 deus,

68 1313 74 1324 ·
159 1277 287 1339 Obscum
299 1296 444 1356 proneam
457 1280 522 1341 hinc
533 1282 644 1358 apicem
654 1297 742 1358 rapax

209 1362 335 1423 Fortuna
345 1382 408 1424 cum
420 1364 540 1424 stridore
554 1373 637 1423 acuto

264 1444 392 1523 Sustulit,
404 1446 451 1506 hic
463 1450 595 1524 posuisse
608 1446 721 1524 gaudet.

424 1637 573 1650 ---——

367 1770 621 1828 onnmv.
719 1814 733 1851 Ἴ

311 1878 367 1930 nu
394 1850 802 1932 acarnanum(

162 1990 270 2066 Odiva,
288 1999 397 2068 gratum
409 2007 481 2069 quae
496 1992 574 2068 regis
588 1990 711 2067 Antium,

160 2073 298 2135 Praesens
312 2074 359 2134 vel
370 2076 426 2133 imo
437 2073 540 2134 tollere
552 2073 687 2152 degrada

213 2157 333 2219 llortale
349 2174 451 2236 corpus
462 2157 509 2217 vel
520 2159 661 2236 superbos

265 2241 383 2302 Vertere
397 2241 542 2301 funeribus
554 2243 721 2320 triumphos,

163 2366 204 2426 Te
217 2383 325 2444 pauper
336 2365 421 2425 ambit
432 2365 554 2426 sollicita
565 2384 653 2444 prece

161 2451 247 2511 Ruris
259 2448 389 2523 colonus,
408 2457 437 2506 te
448 2447 585 2509 dominam
597 2451 741 2528 aequoris,

215 2534 384 2610 Quicunque
395 2531 514 2608 Bithyna
525 2532 642 2592 lacessit
719 2587 728 2594 .

270 2615 449 2694 Carpathium
461 2614 579 2693 pelagus
591 2618 692 2678 carina.

29 2759 32 2763 ’
165 2741 315 2801 Tellaeos
329 2758 423 2818 asper,
439 2749 468 2800 te
479 2740 592 2818 profugi
606 2740 738 2819 Scythae,

165 2825 314 2903 Urbesque
325 2834 483 2903 gentesque
499 2833 528 2883 et
537 2823 643 2884 Latium
655 2826 745 2903 ferox,

217 2909 385 2988 Regumque
396 2918 499 2969 matres
511 2908 692 2969 barbarorum
703 2918 732 2970 et

270 2992 406 3072 Purpurei
417 3002 543 3052 metuunt
552 2995 671 3070 tyrorum,

168 3117 308 3180 Iniurioso
319 3137 355 3178 ue
370 3118 444 3197 pede
454 3135 573 3198 proruas

168 3203 291 3264 Stantem
306 3202 472 3279 columnam,
483 3221 539 3262 neu
552 3203 675 3282 populus
686 3204 819 3282 frequens

220 3286 264 3347 Ad
280 3305 365 3364 mma,
381 3296 526 3348 cessantes
538 3287 658 3348 adarna
937 3292 975 3350 15

275 3368 405 3431 Concitet
414 3372 619 3449 imperiumque
628 3371 747 3448 frangat.
822 3414 826 3419 .
