2266 3878
57 235 203 313 arina]
384 236 495 298 maun
516 236 565 297 111.

167 386 233 448 Non
245 387 304 463 ille,
318 405 474 466 quanqum
486 388 641 449 Somatieis
653 389 746 450 madet

168 471 402 551 Sermonibnsffe
416 471 544 550 negliget
554 473 696 533 horridus:

186 596 188 603 ·
218 553 354 615 Narratur
365 564 393 613 et
409 558 495 632 prisci
508 553 623 615 Catonis

225 660 228 673 ·
274 638 369 717 Saepe
380 656 458 698 mero
472 639 594 699 caluisse
606 641 703 698 virtus.

169 759 211 824 'iu
224 763 290 824 lene
301 773 468 824 termentum
480 765 593 841 ingenio
604 762 738 825 admoves

169 846 336 927 Plerumque
352 848 436 916 dura;
458 857 488 906 tu
500 849 667 924 sapientium
837 843 840 849 ’

223 927 311 992 curas
326 939 354 991 et
365 950 496 991 areanum
512 933 614 989 iocoso

273 1013 428 1076 Gonsiiium
442 1017 549 1092 retegis
562 1013 675 1090 Lyaeos

171 1138 213 1199 'l'u
223 1158 304 1218 spem
315 1139 428 1205 reducis
440 1139 580 1199 mentibus
595 1141 683 1199 anxiis

171 1223 321 1304 viresque,
334 1233 363 1284 et
377 1222 456 1283 addis
468 1241 573 1283 cornua
587 1222 705 1302 pauperi

221 1307 291 1368 Post
300 1315 329 1367 te
340 1325 437 1385 neque
450 1309 537 1372 iratos
550 1308 678 1367 trementi

186 1458 188 1465 ¹
289 1391 400 1469 Regum
411 1393 511 1468 apices
525 1409 622 1468 neque
634 1390 750 1449 militam
760 1407 846 1451 ama.

172 1514 212 1575 Te
222 1514 307 1576 Liber
322 1525 361 1593 ei,
374 1517 399 1579 si
410 1515 485 1575 laeta
499 1513 600 1590 aderit,
612 1512 709 1573 Venus

174 1599 344 1679 Segnesque
356 1598 460 1659 nodum
472 1597 586 1658 solvere
599 1595 710 1656 Gratiae

217 1684 365 1762 vivaeque
377 1683 534 1761 producent
548 1681 691 1756 lammae,

223 1802 226 1807 ·
273 1767 347 1828 Dum
358 1766 474 1827 rediens
485 1767 565 1844 fugai
575 1774 650 1825 astra
660 1763 801 1824 Phoebus.

432 1962 579 1972 -—---·
618 1966 622 1971 .

662 1992 673 2029 l

379 2052 477 2150 unu
492 2091 614 2146 xxm.

357 2258 414 2311 AD
455 2258 656 2311 DIANAM.

171 2437 305 2500 Montium
317 2447 414 2500 ansius
425 2454 637 2517 nemorumque,
647 2438 749 2516 Virgo,

172 2520 251 2596 Quas
264 2523 423 2583 laborantes
434 2533 514 2583 utero
527 2523 637 2601 puellas

171 2604 226 2667 Ter
239 2616 339 2667 vocata
350 2607 429 2667 audis
445 2608 601 2686 adimisque
613 2606 682 2683 lem,

219 2690 292 2752 Diva
304 2691 449 2768 triformis,

170 2821 318 2884 lmminens
328 2825 413 2884 villae
423 2835 470 2886 tua
482 2828 650 2904 pinaseaie,

171 2910 259 2980 Quam
272 2919 452 2987 pererrantes
467 2927 523 2988 ego
534 2909 626 2970 laetus
638 2924 724 2968 annos

170 2990 266 3050 Verris
279 2991 423 3070 obliquum
438 2994 596 3054 meditantis
609 2996 695 3052 ictum

218 3074 360 3154 Sanguine
373 3075 484 3137 donem.

420 3289 579 3301 *un-*nn
