2266 3878
183 251 245 314 262
540 249 798 311 nntsnonnunn
993 253 1130 329 [lupinum

265 406 335 484 nn,
352 405 416 465 dum
427 402 553 464 sublimis
563 422 663 464 versus
673 414 796 464 ructatur
807 415 835 465 et
847 415 930 482 emat,

267 492 297 551 Si
307 491 394 549 veluti
406 487 519 548 merulis
532 490 651 549 intentus
667 488 771 548 decidit
782 508 887 568 auceps

265 575 297 635 ln
309 584 422 653 putenm
434 573 596 649 somnumve,
610 573 677 632 lieet
688 575 897 650 ‚‚Suneunite“
908 574 1023 652 longum
1089 629 1092 637 .

168 646 245 725 ‘460
266 658 374 720 clamet
384 656 440 736 „10
455 658 588 727 eivee!“;
602 661 704 717 nonsit
716 660 763 738 qni
778 659 879 718 tollere
890 668 979 718 curet.

265 745 295 806 si
307 753 385 804 curet
397 745 459 822 quis
472 759 555 820 opem
567 741 642 802 ieme
652 751 680 802 et
691 743 836 802 demittere
848 744 952 819 funem,

265 828 344 907 „Qut
357 831 431 905 seis,
448 845 482 887 an
494 827 616 904 pmdens
627 828 682 886 hue
693 847 726 887 se
738 830 889 905 proiecerit
898 836 982 906 atque

265 914 400 991 „Servari
411 909 526 972 ιιοΙίιῩιι
541 912 647 989 dicam,
666 912 810 990 Siculique
824 919 926 989 poetae

265 997 390 1058 Narrabo
403 998 552 1057 interitum.
574 996 652 1055 Dens
663 996 933 1055 immortalishaberi

183 1080 245 1146 465
268 1083 340 1142 Dum
352 1083 429 1158 eupit
439 1080 644 1157 Empedocles,
662 1080 803 1139 ardentem
814 1080 931 1157 frigidus
943 1078 1057 1137 Aetnam

267 1164 385 1227 Insiluit.
409 1167 450 1224 Sit
461 1167 504 1223 ius
516 1164 656 1242 liceatque
666 1167 760 1242 perine
773 1167 880 1242 poetis:

267 1250 384 1309 Invitum
396 1251 444 1327 qui
456 1257 564 1324 servet,
583 1249 656 1308 idem
668 1249 734 1308 iacit
746 1248 895 1308 occidenti.

267 1334 328 1394 Nee
339 1333 427 1393 semel
438 1333 493 1392 hoe
504 1333 589 1410 feeit,
606 1351 677 1410 nee,
695 1336 718 1393 si
733 1343 869 1393 retractus
881 1331 1019 1407 erit‚xiam
1043 1402 1046 1406 Α

267 1418 331 1478 Fiet
341 1419 425 1477 home
437 1426 466 1476 et
479 1427 564 1495 ponet
579 1418 702 1478 famosae
715 1420 813 1478 montis
825 1433 958 1476 amorem.

187 1504 249 1568 470
271 1503 331 1562 Nee
343 1505 410 1562 satis
422 1512 553 1580 apparet,
573 1520 731 1563 universus
746 1504 868 1576 immitet,
886 1509 975 1559 utrum

167 1613 170 1621 ¹
268 1587 398 1648 Minuerit
408 1589 435 1647 in
447 1589 553 1664 patrios
569 1589 695 1664 eineres,
711 1606 745 1647 an
760 1589 838 1647 triste
850 1581 970 1645 bidental

269 1671 389 1731 Moverit
400 1673 539 1732 incestus:
556 1680 634 1731 cente
648 1673 728 1749 iuuit,
746 1690 780 1730 ne
790 1669 866 1730 velut
881 1684 961 1727 ursus

271 1756 406 1816 Obiectos
418 1774 522 1816 caveae
532 1755 620 1816 valuit
631 1759 654 1816 si
666 1758 795 1834 frangere
807 1754 939 1826 elathros,

268 1841 414 1901 Indoctum
425 1839 595 1919 doctumque
608 1842 686 1918 fugat
699 1843 832 1900 recitator
846 1836 980 1901 acerbum

189 1924 249 1990 475
273 1925 364 2000 Quem
375 1943 445 1986 vero
457 1927 590 2003 arripnit,
602 1935 679 1984 tenet
692 1926 853 2002 occiditque
863 1918 995 1999 legendo,

270 2010 333 2072 Non
344 2011 463 2071 missure
474 2018 584 2086 eutem,
600 2010 654 2068 nisi
665 2008 749 2087 plena
760 2009 888 2084 cruoris,
902 2000 1010 2065 hirudo.
