2266 3878
79 262 82 267 ¹
134 271 195 337 218
488 269 749 336 belsuottuott
932 271 1084 352 [Epistldl

219 424 289 486 (lum
301 426 390 487 semel
401 429 514 506 accepit
525 427 621 486 Solem
632 425 796 487 furibundus
808 420 939 482 acutum?

216 509 270 570 Est
279 512 327 572 ubi
339 511 454 572 divellat
464 529 579 571 somnos
591 513 680 570 minus
696 508 787 569 invida
801 504 888 581 cura‘l

216 593 350 656 Deterius
360 593 473 672 Libyeis
486 595 544 655 olet
555 605 602 655 cut
611 597 680 654 nitet
694 593 781 655 herba
792 588 916 670 lapillis?

155 678 196 740 20
216 677 316 738 Purier
326 681 354 739 in
368 681 440 739 vicis
452 698 524 759 aqua
534 679 622 738 tendit
633 694 765 756 rumpere
777 675 931 754 plumbum,

160 774 163 779 ’
218 761 307 834 Quam
323 780 396 841 quae
408 781 461 842 per
471 779 588 841 pronum
598 761 720 839 trepidat
734 777 796 820 eum
807 776 947 818 murmure
959 757 1060 829 nram?

216 845 327 924 Nempe
338 849 410 907 inter
420 850 511 907 varias
525 848 642 906 nutritur
653 845 723 905 silva
735 842 888 919 columnas,
991 922 994 926 λ

216 930 410 1010 Laudaturque
423 931 538 1006 domus,
552 929 654 1007 longos
669 947 741 1008 qnae
752 929 890 1005 prospicit
902 941 998 1006 agros.

215 1012 346 1075 Naturam
360 1015 486 1093 expellas
498 1014 591 1089 furca,
604 1022 695 1072 tamen
706 1029 797 1091 nsque
809 1020 946 1087 recurret,
1015 1065 1017 1069 .

32 1159 39 1175 ,
153 1098 192 1163 25
214 1096 251 1157 Ei
261 1098 333 1158 mala
347 1106 509 1176 perrumpet
519 1097 612 1156 furtim
623 1093 853 1156 lastidia‘vietrir.

215 1180 296 1258 Non,
311 1184 357 1260 qui
370 1182 486 1241 Sidonio
502 1179 673 1240 contendere
687 1179 804 1240 callidus
816 1187 893 1238 ostro

214 1264 314 1324 Nescit
324 1264 493 1343 Aquinatem
506 1267 630 1343 potantia
640 1263 748 1323 vellera
760 1263 865 1340 lucum,

216 1347 326 1408 Gentius
339 1351 461 1427 accipiet
472 1349 598 1408 damnum
610 1349 764 1427 propiusve
775 1345 915 1424 medullis,

216 1431 305 1505 Quam
317 1434 364 1512 qni
376 1451 432 1492 non
444 1435 548 1511 poterit
557 1448 627 1491 vero
640 1431 812 1509 distinguere
824 1429 935 1492 falsum.

152 1517 194 1581 30
216 1515 307 1588 Quem
317 1534 364 1575 res
377 1517 439 1595 plus
451 1519 536 1577 nimio
547 1515 729 1595 delectavere
741 1514 894 1592 secundae,

214 1598 337 1660 lllutatac
349 1603 481 1679 quatient.
505 1600 535 1659 Si
548 1600 614 1679 quid
629 1600 783 1675 mirabere,
796 1616 888 1677 pones

214 1682 330 1744 Invitus.
352 1682 432 1762 Fuge
443 1703 557 1762 magna:
574 1685 642 1743 licet
654 1683 705 1743 sub
718 1700 843 1761 paupere
854 1693 931 1744 tecto

213 1766 311 1846 Reges
324 1777 352 1827 et
361 1785 460 1846 regum
471 1772 527 1827 vita
540 1786 722 1847 praecurrere
735 1769 851 1826 amieos.
920 1836 922 1839 ⁸

215 1849 323 1910 Cervus
336 1869 438 1930 equum
449 1869 543 1930 pugna
558 1852 659 1912 melior
670 1852 862 1912 communibus
875 1851 971 1913 herbis

151 1937 191 2001 35
214 1931 353 2011 Pellebat,
369 1934 461 1994 donec
475 1938 565 1994 minor
575 1937 603 1994 in
616 1937 766 1995 certamine
779 1934 867 2013 longo

213 2015 376 2095 Imploravit
387 2032 459 2096 opes
474 2019 595 2078 hominis
610 2020 775 2098 frenumque
788 2021 913 2097 recepit;

214 2100 272 2159 Sed
284 2109 434 2179 postquam
448 2103 540 2160 victor
549 2102 660 2162 violens
674 2103 806 2163 discessit
818 2103 851 2163 ab
866 2104 961 2181 hoste,
1054 2136 1058 2141 ·
1076 2146 1079 2155 .

212 2183 276 2243 Non
288 2187 412 2263 equitem
424 2184 525 2262 dorso,
539 2203 595 2246 non
605 2186 713 2246 frenum
726 2186 833 2265 depulit
845 2203 906 2246 ore.

213 2269 276 2346 Sic,
294 2271 342 2348 qui
358 2272 521 2348 pauperiem
530 2272 637 2333 veritus
649 2274 761 2348 potiore
772 2268 892 2331 metallis

149 2354 192 2419 40
211 2352 353 2413 libertate
365 2363 457 2431 caret,
474 2354 613 2413 dominum
624 2356 701 2415 vehit
718 2354 862 2432 improbus
877 2363 963 2433 atque

212 2437 323 2496 Seruiet
335 2446 491 2515 aeternum,
508 2441 573 2518 quia
585 2456 671 2517 parvo
684 2441 794 2498 nesciet
805 2441 854 2497 uti.

212 2517 264 2580 Cui
276 2537 335 2580 non
345 2523 494 2582 conveniet
505 2542 555 2582 sua
566 2541 629 2599 res,
642 2532 673 2583 ut
684 2522 797 2581 calceus
810 2521 888 2599 olim,

212 2605 242 2664 Si
258 2605 332 2683 pede
344 2608 433 2665 maior
443 2608 511 2684 erit,
531 2607 690 2682 subvertet,
713 2608 736 2665 si
749 2608 854 2682 minor,
867 2616 940 2687 uret,

210 2688 312 2748 Laetus
328 2698 406 2750 sorte
415 2698 463 2749 tua
473 2693 553 2750 vives
565 2693 722 2770 sapienter,
738 2689 836 2765 Aristi,
858 2708 861 2715 ’
931 2734 935 2741 ,

148 2772 189 2836 45
211 2771 273 2832 Nec
285 2791 330 2832 me
344 2774 465 2834 dimittes
477 2777 686 2854 incastigatum,
700 2773 748 2833 ubi
765 2772 844 2851 plura

211 2853 340 2934 Cogere,
360 2877 441 2937 quam
453 2862 521 2919 satis
533 2870 591 2937 est,
609 2878 642 2920 ee
653 2875 709 2918 non
721 2874 836 2917 cessare
847 2856 977 2918 videbor.

210 2939 333 3019 Imperat
344 2952 390 3002 aut
402 2947 488 3003 servit
502 2944 623 3004 collecta
635 2944 755 3022 pecunia
767 2942 881 3020 cuique,
972 3008 975 3013 ,
1027 2954 1031 2967 ²

210 3022 323 3085 Tortum
335 3026 418 3106 digna
433 3030 515 3105 sequi
527 3030 621 3105 potius
633 3045 715 3105 quam
727 3026 832 3085 ducere
844 3024 950 3085 funem.

209 3106 287 3168 llaec
298 3110 347 3170 tibi
360 3111 497 3171 dictabam
510 3120 576 3188 post
587 3111 679 3170 lanum
692 3117 773 3187 putre
784 3108 928 3184 Vacunae,
967 3180 969 3184 μ
1062 3140 1066 3147 ·

148 3192 189 3255 50
210 3191 340 3272 Excepto
352 3194 429 3271 quod
440 3211 496 3253 nou
507 3193 589 3253 simul
602 3211 700 3269 esses,
718 3192 925 3252 ceteralaetus.

502 3389 507 3400 ι
533 3389 676 3399 --—-—

59 3496 218 3640 ἢ,
