2266 3878
61 240 144 336 'cic
437 269 698 332 nrnsnonnnun
832 219 1035 352 »repnsion

104 429 146 507 90
169 423 260 498 Quem
275 424 357 484 simul
366 424 497 502 adspexit
507 424 635 483 scabrum
647 424 846 502 intonsumque
861 422 1008 502 Philippus.

166 508 283 586 „Durus
291 511 327 586 ‚⁴⁴
340 510 379 568 ait
391 507 527 585 ‚‚Vultei,
544 509 626 567 nimis
638 515 816 584 attentusque
827 508 934 568 videris

166 590 264 669 „Esse
275 593 377 652 mihi.“
388 589 528 668 -‚‚Pol‚
541 593 745 668 memineram,
764 599 896 668 patrone,
914 600 1037 670 vocercq'

61 741 64 753 ,
165 675 221 753 „Si
230 674 347 735 velles“
359 678 450 753 inquit
464 693 585 752 „verum
595 675 662 735 milri
674 690 782 752 ponere
792 691 905 734 nomen.

32 820 35 826 ,
164 757 273 836 „Quod
283 768 317 819 te
325 776 377 837 per
388 756 505 819 lienium
517 758 698 836 dextramque
710 757 839 836 deosque
850 756 967 819 Penates

103 843 143 907 95
164 841 319 920 „Obsecro
330 852 362 902 et
373 842 518 919 obtestor,
530 845 605 902 vitae
616 861 661 902 me
672 841 760 901 redde
771 845 858 920 priori
868 841 899 902 !“
913 877 951 889 -

166 924 222 999 Qui
233 926 323 986 semel
333 926 480 1004 adspexit,
495 935 625 1004 quantum
636 925 749 986 dimissa
761 928 857 1004 petitis

164 1008 324 1086 Praestent,
339 1019 445 1080 mature
457 1008 555 1070 redeat
564 1018 731 1087 repetatque
742 1010 851 1070 relicta.

90 1094 93 1101 '
163 1091 257 1154 Metiri
272 1112 305 1154 se
317 1111 458 1173 quemque
469 1110 521 1152 suo
536 1093 650 1155 modulo
665 1110 698 1152 ac
710 1093 783 1170 pede
794 1112 893 1153 uerum
904 1102 957 1153 est.

487 1289 636 1299 ...οη-..-

375 1443 749 1500 lorlswomvm.

153 1573 217 1626 ΔΙ)
254 1570 486 1625 CELSUM
519 1569 963 1629 ALBINOVANUM.

163 1708 250 1770 Celso
261 1709 387 1789 gaudere
399 1718 428 1771 et
440 1708 515 1769 bene
529 1727 588 1767 rem
599 1704 891 1786 gereredlbinovano

160 1794 241 1856 niusa
252 1802 351 1872 rogata
359 1794 452 1870 refer,
467 1794 562 1853 comiti
574 1792 741 1871 scribaeque
758 1787 895 1849 Neronis.
930 1845 942 1858 ,

161 1880 192 1939 Si
204 1886 321 1958 quaeret
332 1870 400 1955 quid
410 1894 508 1955 agam,
526 1876 585 1953 dic,
602 1874 687 1936 multa
698 1885 727 1936 et
740 1872 858 1952 pulchra
872 1873 1014 1934 minantem

160 1962 264 2021 Vivere
274 1978 329 2019 nec
339 1968 417 2019 recte
428 1978 483 2020 nee
495 1961 632 2036 suaviter,
652 1958 725 2021 haud
741 1957 805 2036 quia
820 1955 931 2036 grando

120 2049 138 2108 5
161 2042 326 2105 contuderit
336 2045 409 2102 vitea
421 2043 569 2122 oleamque
579 2043 760 2104 momorderit
772 2054 878 2121 aestus,

160 2127 222 2189 Nee
234 2129 298 2208 quia
309 2126 470 2207 longinquis
483 2136 634 2187 armentum
646 2135 774 2206 aegrotet
785 2130 813 2187 in
824 2130 915 2207 agris3

95 2274 99 2290 p
134 2227 139 2245 ⁴
160 2211 219 2274 Sed
234 2208 299 2290 qui'a
310 2220 404 2271 mente
417 2212 507 2272 minus
519 2211 628 2272 validus
641 2230 851 2293 quamcorpore
867 2222 930 2275 toto
1022 2220 1025 2225 ’

160 2295 207 2356 Nil
218 2296 315 2357 audire
325 2295 427 2372 velim,
441 2295 482 2356 nil
494 2296 605 2355 discere
619 2296 695 2375 quod
707 2296 786 2357 le'vet
800 2315 936 2379 aegrum

159 2380 236 2442 Fidis
248 2379 374 2440 oliendar
385 2380 516 2457 medicis,
533 2381 755 2454 immerentium,

99 2468 139 2529 10
162 2464 220 2525 Gur
229 2483 275 2523 me
288 2463 400 2524 funesto
413 2472 567 2544 properent
578 2481 675 2524 arcere
686 2472 819 2533 retem0;

159 2548 240 2621 Quae
251 2564 376 2608 nocuere
387 2567 507 2628 sequar,
520 2548 625 2626 fugiam
637 2565 710 2627 quae
722 2546 838 2625 prolore
850 2547 973 2614 credam:

157 2631 265 2693 Romae
277 2630 365 2692 Tibur
374 2651 464 2693 amem
474 2641 626 2709 ventosus,
646 2629 888 2706 Tibure‘liomam.

156 2714 225 2777 Post
238 2716 326 2794 haec,
346 2726 376 2777 ut
386 2715 492 2795 valeat,
513 2733 569 2796 quo
582 2723 665 2795 pacto
677 2733 736 2777 rem
748 2723 829 2793 gerat
840 2723 870 2775 et
881 2734 924 2795 sc,

157 2798 195 2860 Ut
205 2800 315 2878 placeat
326 2802 439 2879 iuveni,
453 2809 637 2881 percontare,
655 2808 742 2879 utque
754 2796 875 2859 cohorti.

95 2885 135 2947 15
157 2884 187 2943 Si
199 2883 275 2945 dicet
285 2884 440 2962 „llecte;“
456 2889 573 2965 primum
586 2884 726 2963 gaudere,
740 2881 859 2943 subinde

156 2966 341 3049 Praeceptum
353 2968 485 3030 auriculis
496 2970 553 3031 hoc
566 2968 702 3030 instillare
714 2975 869 3027 memento.
945 2973 949 2978 ’
1008 2972 1011 2977 ’

155 3052 216 3131 „Ut
227 3062 256 3113 tu
267 3053 421 3129 fortunam,
440 3055 483 3114 sic
493 3071 546 3113 nos
558 3062 601 3130 tc,
624 3051 726 3129 Celae,
749 3051 908 3113 feremusf‘
