2266 3878
74 291 189 372 [ocra.
203 290 258 369 rs]
489 291 609 359 amun.
976 246 1035 349 sat

115 440 248 503 l'lrrsicio
258 408 402 519 squucne
415 453 527 506 sonant:
539 447 696 522 rapiamus,
708 443 801 516 amici,

154 522 344 587 Occasionem
356 523 391 584 de
403 525 465 602 die,
479 527 601 606 dumque
612 530 704 586 virent
715 544 808 604 genua

115 607 149 670 un
159 608 262 686 decet,
276 607 397 669 obducta
409 609 534 670 solvatur
545 611 637 672 fronte
649 618 792 670 senectus.
1014 610 1033 670 b

154 690 271 754 Turius
285 690 428 770 Torquato
439 710 524 754 move
537 694 655 754 consule
668 710 767 771 pressa
777 710 857 760 meo;
912 754 915 759 ,

119 773 216 837 Cetera
230 779 310 836 mitte
321 775 415 854 loqui:
426 775 497 837 deus
505 778 577 839 haec
589 779 712 837 fortasse
722 777 844 855 benigne

154 859 285 921 Reducet
295 862 324 919 in
337 860 433 920 sedem
449 864 525 921 uice.
548 861 630 922 Nunc
642 871 671 921 et
682 860 873 921 Achaemenio

120 940 248 1005 Periuudi
257 943 345 1004 nardo
357 945 433 1004 iuvat
445 954 474 1005 et
483 945 539 1005 lide
550 944 688 1021 Cyllenea

156 1026 263 1088 berars
275 1026 343 1088 diris
354 1037 472 1106 pectora
487 1029 734 1104 sollicitudinibus,
993 1030 1034 1092 10

123 1107 225 1171 Nobilis
235 1119 268 1212 pt
278 1110 376 1190 mandi
388 1114 492 1211 cecinit
503 1109 659 1174 Centaurus
672 1111 799 1211 alumno:
915 1154 921 1177 .

126 1193 843 1381 „elibillalditisslillblllllin
863 1364 871 1379 ‚

125 1359 898 1521 ‚‚ndbillfflblllltllltlid'¹¹¹⁰¹'‘
995 1450 1033 1513 n

125 1528 772 1695 „addidistiillinistis?
783 1532 908 1593 'm‘

164 1695 328 1773 „Deformis
339 1701 529 1778 aegrimoniae
545 1699 674 1760 dulcibus
688 1696 855 1776 alloquiis.“

489 1894 638 1904 ..ιι-..-

319 2112 323 2125 ,
450 2076 551 2132 cmm
577 2075 677 2131 xlv.

322 2183 380 2237 sn
410 2158 784 2240 mnuounsuum.

229 2292 323 2356 lollio
333 2294 433 2354 inertia
444 2312 495 2358 our
506 2303 609 2355 tantam
621 2295 761 2355 diluden‘t
771 2296 834 2355 imis

280 2377 458 2438 Oblivionem
473 2379 615 2456 sensibus,

226 2460 333 2523 l’ocula
343 2459 484 2522 Lethaeos
496 2471 526 2522 ut
539 2465 563 2522 si
575 2462 705 2522 ducentia
715 2478 831 2522 somnos
927 2507 930 2517 .

279 2545 386 2606 Arente
399 2545 481 2606 lance
493 2548 636 2621 traxerim,

229 2626 355 2691 ommno
367 2627 535 2706 llaecenas,
550 2629 658 2689 occidis
670 2647 757 2708 saepe
769 2629 914 2708 rogando:
1019 2631 1038 2693 5

106 2768 110 2773 .
278 2712 373 2790 Deus,
390 2711 459 2773 dens
470 2732 533 2774 nam
544 2731 589 2772 me
597 2721 675 2773 vetat

155 2790 158 2795 ’
229 2793 375 2875 Inceptos,
387 2795 454 2858 olim
466 2799 636 2876 promissum
649 2814 771 2881 carmen,
783 2797 893 2860 limbos

279 2878 325 2940 sd
333 2880 495 2940 umbilicum
506 2880 656 2941 adducere.
789 2896 798 2904 ·’

230 2962 294 3024 llon
304 2963 387 3024 aliter
397 2964 490 3025 Samio
503 2965 598 3024 dicunt
608 2967 714 3025 arsisse
724 2963 855 3042 Bathyllo

236 3060 239 3067 “
278 3046 456 3109 Anacreonta
468 3046 577 3126 l'einm,
1000 3047 1040 3109 10

233 3129 287 3207 Qui
305 3149 447 3210 persaepe
458 3150 526 3192 cava
537 3132 678 3193 testudine
689 3132 767 3192 flevit
781 3150 904 3193 amorem

281 3214 347 3277 Non
358 3214 529 3276 elaboratum
541 3216 576 3276 ad
589 3217 701 3295 pedem.

135 3360 138 3366 ,
231 3298 327 3361 Uteris
338 3301 402 3378 ipse
413 3301 512 3358 miser:
525 3300 628 3377 quodsi
640 3317 695 3359 non
708 3299 851 3378 pulchrior
862 3298 936 3376 ignis
997 3378 1000 3383 Ι

281 3382 672 3457 Accenditobsessamllion,
1003 3440 1127 3646 Γ
