2266 3878
53 297 99 352 su.
113 293 166 369 m]
241 312 244 318 ·
448 291 558 355 unna
570 295 593 356 1.
795 361 808 372 ,

322 532 332 542 ,
401 475 501 530 oon
517 478 637 533 xvrn.
702 460 719 551 j

352 589 399 641 aa
418 590 673 650 armannum.

184 708 278 771 Velox
288 726 435 770 amoenum
446 729 535 789 saepe
549 711 720 773 Lucretilem

185 792 273 854 llutat
285 788 398 868 Lycaeo
409 791 520 854 Faunus
535 803 563 855 et
575 798 685 873 igneam

234 876 370 936 Defendit
378 880 515 938 'aestatem
527 877 647 956 capellis

271 960 370 1039 Usque
381 961 451 1019 meis
467 961 637 1040 pluviosque
647 970 763 1023 ventos.

187 1092 304 1172 Impune
313 1102 402 1153 tutum
414 1111 466 1172 per
476 1113 573 1154 nemus
585 1095 699 1156 arbutos

186 1177 328 1250 Quaerunt
338 1175 459 1237 latentes
470 1187 498 1236 et
505 1179 599 1254 thyma
611 1179 709 1240 deviae

236 1259 346 1320 Olentis
361 1278 466 1320 uxores
477 1265 578 1338 mariti,

290 1343 352 1404 Nec
366 1344 471 1404 virides
481 1355 608 1406 metuunt
622 1347 753 1407 colubras

184 1474 246 1536 Nec
259 1473 560 1548 ldartialesllaediliae
570 1477 666 1557 lupos,

183 1558 334 1637 Utcunque
346 1558 431 1635 dulci,
444 1558 575 1636 Tyndari,
592 1561 683 1621 fistula

232 1641 329 1702 Valles
341 1652 370 1701 et
384 1642 501 1702 Usticae
516 1643 643 1703 cubantis

130 1798 132 1802 Ι
235 1763 239 1769 ,
288 1723 374 1786 Levia
385 1742 561 1804 personuere
573 1745 650 1787 sana.

149 1913 152 1919 ,
183 1857 220 1918 Dl
234 1876 279 1918 me
292 1866 415 1935 tuentur,
428 1858 470 1918 dis
483 1860 575 1937 pietas
590 1879 651 1921 mea
797 1928 803 1935 ,

172 1941 220 2021 ΙΕῑ
231 1940 311 2002 llusa
322 1943 401 2002 cordi
414 1952 472 2003 est:
495 1943 560 2003 hinc
571 1944 622 2003 tibi
637 1946 721 2021 copia

174 2096 177 2100 ¹
234 2024 357 2086 Manebit
371 2025 406 2086 ad
417 2025 530 2103 plenum
544 2027 668 2106 benigno

295 2109 379 2169 Ruris
390 2109 527 2189 honorum
538 2111 672 2188 opulenta
687 2128 784 2170 cornu.

107 2293 110 2296 ⁴
181 2232 234 2293 llic
246 2234 274 2293 in
284 2233 400 2294 reducta
411 2233 484 2293 valle
497 2232 647 2295 Caniculae

181 2316 289 2376 Vitabis
306 2325 412 2392 aestus,
430 2325 458 2376 et
471 2316 526 2377 lide
541 2317 609 2377 Teia

231 2399 319 2459 Dices
333 2398 493 2458 laborantes
508 2402 536 2460 in
551 2417 606 2467 uno

152 2478 157 2490 ’
282 2480 446 2559 Penelopen
455 2484 628 2562 vitreamque
642 2481 757 2554 (liccem

180 2606 233 2667 llic
248 2609 408 2668 innocentis
420 2606 523 2686 pocula
534 2605 628 2667 Lesbii

181 2690 278 2751 Duces
289 2692 342 2751 sub
354 2691 461 2767 umbra,
480 2708 533 2751 uec
548 2690 706 2750 Semeleius

234 2773 305 2834 Cum
321 2774 410 2835 Marte
422 2774 574 2836 confundet
584 2772 735 2848 Thyoneus

283 2857 403 2935 Proelia,
417 2877 471 2918 nec
482 2868 590 2918 metues
604 2865 764 2935 protervum
883 2932 888 2942 ι

181 2979 320 3059 Suspecta
334 2979 447 3058 Cyrum,
466 3001 503 3042 ne
513 2983 586 3043 male
605 2981 709 3062 dispari

182 3061 391 3125 lucontinentes
406 3067 511 3126 iniiciat
521 3084 617 3127 manus

231 3147 268 3207 Et
281 3149 390 3209 scindat
400 3149 561 3209 haerentem
575 3167 707 3210 coronam

283 3230 413 3292 Crinibus
429 3234 650 3312 immeritamque
659 3243 777 3295 vestem.

430 3409 591 3420 —a—-t

89 3433 238 3481 uouemus.
820 3425 836 3475 2
