2266 3878
68 279 131 343 uso
412 277 673 340 srisromnuu
887 281 979 358 [mm
988 287 1005 345 1.

152 432 297 509 Creditur,
317 449 353 491 ex
364 429 458 490 modio
470 431 593 509 quiores
604 433 741 509 arcessit,
756 432 863 493 habere

151 517 268 579 Sudoris
279 517 438 591 minimum,
451 514 502 574 sed
513 515 597 577 habet
608 515 757 576 comoedia
767 525 844 577 tanto
947 552 951 561 ι

70 604 130 669 170
150 601 216 662 Plus
228 602 339 677 oneris,
355 607 459 678 quanto
470 600 682 660 veniaeminus.
704 599 850 677 Adspice,
869 599 975 662 Plautus

152 685 216 759 Quo
229 692 312 763 paeto
325 691 420 762 partes
431 690 536 742 tutetur
545 686 661 745 amantis
672 684 788 763 ephebi,

150 769 188 830 Ut
199 770 286 847 petris
297 768 414 843 attenti,
432 766 542 826 lenonie
555 776 585 827 ut
596 767 739 836 insidiosi;

151 853 277 927 Quantus
289 854 326 912 sit
336 851 504 911 Dossennus
517 849 650 911 edacibus
663 854 690 911 in
702 853 843 929 parasitis,

151 937 241 1011 Quam
251 953 308 996 non
319 934 452 995 adstricto
468 944 611 1011 percurrat
622 935 728 1014 pulpita
739 951 844 995 soeoo:

71 1025 130 1086 175
155 1019 247 1081 Gestit
258 1021 332 1080 enim
342 1036 482 1078 nummum
494 1020 523 1076 in
533 1017 645 1078 loeulos
657 1019 821 1094 demittere,
838 1029 905 1097 post
914 1020 966 1081 hoo

153 1105 294 1179 Securus,
313 1101 393 1162 eadat
403 1119 438 1161 un
449 1108 528 1177 recto
543 1111 599 1161 stet
612 1103 706 1163 fabula
720 1103 788 1163 talo.

153 1188 244 1262 Quem
254 1187 316 1247 tulit
326 1185 361 1246 ad
376 1202 489 1245 scenam
499 1194 619 1246 ventoso
633 1184 728 1247 Gloria
739 1205 831 1264 oumu,

136 1271 296 1332 ·Exanimat
310 1270 402 1330 lentus
415 1279 576 1347 spectator,
596 1270 711 1330 sedulus
728 1270 818 1331 inllat:

152 1355 200 1415 Sic
213 1354 293 1431 leve,
309 1355 352 1414 sie
363 1370 479 1432 parrum
491 1362 552 1430 est,
571 1356 690 1414 animum
701 1354 777 1432 quod
788 1353 879 1414 laudis
890 1372 993 1415 avum

70 1445 130 1504 180
151 1438 433 1499 Subruitautrelioit.
456 1437 555 1498 Valeat
566 1457 613 1498 res
626 1438 748 1515 ludicra,
769 1440 792 1498 si
804 1455 850 1497 me

151 1522 243 1583 Palma
254 1531 355 1602 negata
366 1540 505 1598 maurum,
524 1521 624 1582 donata
637 1521 746 1582 reducit
757 1524 892 1599 opimum.

152 1608 246 1686 Saepe
260 1609 342 1667 etium
353 1607 489 1666 audacem
503 1606 582 1684 fugat
592 1606 648 1666 hou
662 1614 805 1682 terretque
817 1612 941 1684 poetam,

60 1702 63 1709 '
152 1690 236 1765 Quod
247 1705 362 1751 numero
375 1689 488 1768 plures,
504 1692 606 1750 vinute
618 1690 765 1750 ethonore
776 1692 911 1766 minores,

151 1774 260 1835 lndoeti
272 1774 423 1852 stolidique
435 1782 464 1833 et
475 1773 637 1852 depugnare
650 1775 748 1851 parati,

72 1863 130 1924 185
153 1857 458 1936 summorumque,
476 1857 567 1917 medis
578 1859 651 1918 inter
661 1859 780 1917 earmina
792 1864 924 1934 posounb

152 1941 208 2001 hut
218 1960 313 2001 ursum
326 1949 372 2000 aut
385 1940 511 2019 pugiles:
529 1942 573 2000 his
583 1959 645 2000 nam
658 1939 808 2018 plebecula
822 1940 936 2019 plaudit.

152 2026 255 2085 Verum
266 2026 368 2102 equitis
381 2040 495 2101 quoque
507 2025 560 2083 iam
571 2026 700 2102 migravit
711 2026 745 2085 ab
757 2043 826 2084 aure
834 2025 964 2102 voluptas

153 2107 250 2168 Omnis
261 2107 297 2167 ad
307 2109 431 2167 inuentos
446 2107 546 2167 oeulos
560 2117 589 2169 et
601 2108 703 2186 gaudia
714 2126 795 2169 vanu.

152 2190 290 2266 Quattuor
300 2198 347 2252 aut
359 2189 454 2270 plures
466 2190 564 2253 aulaea
577 2202 738 2271 premuntur
748 2195 776 2252 in
787 2193 884 2269 horus,

69 2278 130 2340 190
150 2274 224 2336 Dum
234 2275 345 2354 fugiunt
357 2277 481 2354 equitum
494 2283 601 2337 turmae
614 2277 794 2355 peditumque
806 2286 950 2346 catervae:

151 2359 219 2421 llox
233 2362 348 2421 trahitur
358 2361 484 2422 munibus
496 2378 594 2438 regum
606 2361 716 2421 fortuna
730 2362 855 2438 retortis,

151 2444 422 2521 Esssdufestinunt,
442 2444 562 2523 pilente,
582 2446 733 2523 petorrita,
752 2462 851 2522 naves,
973 2460 976 2465 ·

154 2526 301 2604 Captivum
312 2536 438 2607 portatur
450 2529 533 2605 ebur,
550 2531 660 2607 captim
673 2527 833 2589 Corinthus.

153 2611 183 2671 Si
196 2611 270 2672 foret
280 2613 307 2671 in
319 2613 417 2689 terris,
432 2611 537 2673 rideret
547 2613 741 2689 Democritus,
759 2630 811 2671 seu

70 2698 130 2762 195
151 2693 302 2756 Diversum
314 2696 432 2757 eoniuse
441 2715 533 2774 genus
547 2699 681 2776 panthera
693 2695 803 2756 eumelo

74 2820 77 2825 -
154 2778 221 2840 Siue
234 2779 350 2858 elephas
360 2780 441 2840 albus
455 2781 533 2860 vulgi
549 2790 727 2843 converteret
738 2797 801 2849 ore;

153 2863 302 2941 Speotaret
312 2864 448 2943 populum
459 2864 532 2925 ludis
544 2869 675 2927 attentius
686 2867 768 2943 ipsis,

83 3016 87 3023 ¹
151 2946 188 3008 llt
200 2946 253 3006 sibi
266 2947 445 3025 praebentem
456 2951 540 3008 mimo
552 2948 716 3028 speetaenlu
727 2947 817 3026 plura,

154 3030 316 3109 Scriptores
326 3039 418 3089 autem
432 3047 546 3091 namuro
558 3042 667 3113 putaret
678 3032 767 3093 asello

71 3117 132 3180 200
153 3113 297 3175 Fabellam
308 3112 404 3173 surdo.
427 3112 496 3173 Nam
509 3133 582 3191 quae
593 3119 761 3194 pervincere
770 3131 861 3174 voees

118 3259 121 3266 ,
152 3198 292 3259 Evuluere
304 3214 418 3274 sonum,
434 3196 559 3258 referunt
573 3216 656 3275 quem
665 3209 760 3259 nostru
771 3197 900 3260 theatra?

155 3280 310 3362 Garganum
321 3283 430 3361 mugire
442 3288 525 3359 putes
536 3298 633 3343 nemus
645 3292 692 3343 aut
701 3301 776 3344 mare
788 3281 921 3360 luseum,

155 3363 243 3427 uarro
256 3382 318 3426 eum
329 3367 449 3445 strepitu
460 3363 519 3427 ludi
533 3375 694 3445 speetantur
703 3377 732 3428 et
743 3376 817 3427 artes

4 3448 256 3638 Λ
