2266 3878
56 267 157 335 [rapiat.
169 259 217 333 3.]
412 266 415 274 ’
440 256 549 319 LIBER
560 258 596 319 ll.

54 411 122 500 Post
132 411 208 470 hunc
221 428 360 489 personae
372 410 520 490 pallaeque
531 422 661 489 repertor
671 412 808 472 honestae

56 494 214 570 llescbyl'us
226 505 254 553 et
265 494 383 553 modicis
395 497 521 555 instravit
532 496 639 573 pulpita
652 497 747 572 tignis,

24 629 27 635 ,
55 579 89 640 Et
100 580 198 638 docuit
211 596 396 655 magnumque
407 577 485 656 loqui
496 582 603 658 nitique
615 579 760 639 cothurno.

56 665 200 724 Successit
210 672 292 721 vetus
303 663 346 721 his
359 663 521 740 comoedia,
537 682 593 723 non
608 666 668 722 sine
678 662 760 723 multa

36 752 41 759 '
54 747 162 814 baude;
181 746 233 807 sed
245 748 273 804 in
284 747 385 806 vitium
391 745 505 806 libertas
517 747 621 807 excidit
632 754 660 806 et
671 747 726 807 rim

52 833 173 909 Dignam
184 830 251 906 lege
262 831 342 906 regi:
358 829 404 889 lex
415 839 460 891 est
470 840 603 908 accepta,
620 830 780 909 chorusque

55 915 186 992 Turpiter
198 915 315 973 obticuit
326 913 435 974 sublato
447 917 507 977 iure
520 914 650 975 nocendi.

55 999 99 1070 Nil
115 1001 276 1058 intentatum
288 999 375 1057 nostri
387 998 497 1077 liquere
510 1007 628 1076 potitam

55 1083 115 1142 Nec
127 1083 266 1141 minimum
277 1099 405 1143 meruere
417 1083 521 1158 decus,
537 1084 656 1162 vestigia
668 1079 775 1143 Graeca

56 1166 123 1226 Ausi
140 1165 273 1224 deserere
285 1174 314 1224 et
324 1164 470 1226 celebrare
483 1166 636 1232 domestica
648 1166 732 1242 facta,

55 1250 107 1309 Vel
120 1252 167 1328 qui
179 1257 338 1326 praetextas
351 1249 397 1307 rel
409 1253 456 1327 qui
468 1250 591 1310 docuere
602 1259 722 1327 togatas.

57 1334 116 1393 Nec
128 1335 230 1392 virtute
242 1332 317 1391 foret
333 1331 452 1392 clarisve
464 1335 605 1409 potentius
617 1335 710 1407 armis,

57 1418 146 1492 Quam
157 1417 267 1495 lingua,
283 1414 405 1491 latium,
423 1417 446 1476 si
461 1433 515 1476 non
527 1416 683 1476 offenderet
693 1435 787 1475 uuum·

57 1519 197 1581 quemque
206 1508 355 1577 >poetarum
365 1500 448 1561 limae
458 1499 539 1561 labor
549 1510 578 1560 at
588 1517 675 1559 mora.
697 1499 772 1575 Vos,
790 1498 826 1557 o'

56 1585 208 1663 Pompilius
220 1585 350 1661 sanguis,
370 1603 482 1644 carmen
492 1583 703 1661 reprehendite,
720 1583 796 1661 quod
812 1598 867 1641 uon
907 1644 912 1653 ,
1014 1582 1017 1587 ’

56 1669 143 1731 blulta
155 1669 216 1729 dies
228 1678 256 1728 et
267 1667 351 1728 multa
363 1668 444 1728 littura
455 1670 583 1728 coercuit
597 1676 680 1753 atque

56 1753 214 1815 Perfectum
225 1753 322 1812 decies
333 1769 388 1813 non
400 1754 546 1830 castigavit
557 1751 592 1812 ad
605 1766 736 1828 unguem.

57 1839 200 1917 Ingenium
211 1839 312 1897 misera
324 1837 388 1914 quia
399 1836 565 1896 fortunatius
576 1845 635 1896 arte

59 1922 154 1983 Credit
165 1931 193 1980 et
204 1920 327 1981 excludit
338 1938 423 1981 sanos
437 1920 574 1983 Helicone
587 1927 688 1998 poetas

56 2007 249 2080 Democritus,
266 2005 339 2065 bona
352 2023 418 2083 pars
428 2021 485 2068 nou
496 2025 605 2084 ungues
618 2021 724 2082 ponere
738 2010 825 2079 curat,

57 2091 120 2151 Non
130 2090 253 2167 barbam,
267 2099 377 2149 secreta
389 2093 459 2166 petit
469 2090 551 2166 loca,
567 2090 666 2150 balnea
675 2089 753 2151 vitat.

57 2171 241 2237 Nanciscetur
251 2175 324 2234 enim
334 2176 454 2252 pretium
468 2190 625 2250 nomenque
638 2180 751 2250 poetae,

58 2262 86 2319 Si
99 2260 186 2319 tribus
201 2257 341 2333 Anticyris
352 2266 437 2334 caput
451 2257 603 2317 insanabile
614 2272 752 2333 nunquam

57 2343 176 2404 Tonsori
186 2342 282 2402 Licino
293 2341 474 2402 commiserit.
498 2339 521 2400 0
534 2357 590 2417 ego
602 2339 710 2413 laevus,

57 2427 111 2503 Qui
124 2444 229 2506 purgor
242 2426 327 2487 bilem
337 2426 390 2489 sub
397 2426 481 2487 *verni
492 2425 628 2501 temporis
638 2420 747 2483 horam!

56 2512 118 2572 Non
128 2511 198 2571 alius
209 2511 316 2570 faceret
328 2509 444 2569 meliora
456 2516 585 2587 poemata
653 2523 751 2567 verum

56 2596 101 2656 llil
113 2597 180 2655 tanti
195 2602 249 2653 est·
272 2592 350 2670 Ergo
362 2593 462 2670 fungar
472 2596 536 2654 vice
546 2593 635 2666 cotis,
648 2597 758 2651 acutum

55 2680 186 2740 Reddere
199 2695 271 2754 quae
281 2678 385 2736 ferrum
396 2676 488 2752 valet,
509 2694 608 2737 exsors
619 2678 681 2753 ipsa
691 2672 819 2744 secandi;

55 2763 155 2825 llunus
166 2769 195 2819 et
207 2761 345 2834 officium,
358 2759 396 2819 nil
408 2759 534 2825 scribens
546 2761 625 2836 ipse,
640 2757 762 2833 docebo,
883 2825 890 2840 ,
904 2766 906 2769 ’

56 2848 136 2910 Unde
147 2853 282 2922 parentur
292 2861 380 2920 opes,
394 2842 461 2920 quid
473 2842 527 2903 alat
539 2843 696 2922 formetque
708 2848 832 2920 potitam,

56 2931 129 3007 Quid
141 2930 256 3004 deceat,
278 2927 429 3007 quidnon,¹
441 2929 612 3004 querimus,
626 2927 864 3006 quoferaterror.

55 3013 202 3077 Scribendi
213 3021 293 3072 recte
304 3028 406 3089 sapere
418 3020 502 3070 estet
514 3013 678 3089 principium
689 3020 718 3076 et
726 3012 805 3072 fons:

55 3102 126 3161 Rem
135 3101 185 3160 tibi
197 3097 360 3161 Socraticae
375 3095 664 3174 poteruutostendere
679 3095 801 3168 chartae,

55 3185 204 3262 Verbaque
216 3184 356 3260 provisam
367 3199 426 3241 rem
436 3197 493 3241 non
502 3181 588 3242 iuvita
597 3187 759 3258 sequentur.

58 3269 111 3343 Qui
126 3266 237 3340 didicit,
255 3267 360 3343 patrue
372 3265 439 3344 quid
454 3265 557 3325 debeat
567 3273 596 3325 et
607 3264 673 3342 quid
684 3260 791 3332 amicis,
840 3299 844 3310 „
938 3330 940 3333 ι

58 3353 120 3427 Quo
134 3353 169 3410 sit
180 3366 281 3409 amore
287 3367 404 3430 parens,
422 3365 479 3427 quo
491 3349 577 3407 frater
587 3345 718 3406 amandus
730 3350 758 3400 et
768 3341 886 3416 hospes,

10 3511 17 3530 ,
113 3470 266 3512 nonanus
412 3492 415 3495 -
799 3423 830 3480 1⁷
992 3440 1080 3654 f

15 3613 22 3644 l
139 3590 144 3596 ⁵
294 3640 301 3655 ,
427 3655 430 3665 ¹
809 3619 812 3623 ,
