2266 3878
107 272 169 336 mo
436 286 439 299 =
471 274 688 338 snnmlnuu
743 303 746 314 ι
910 285 1017 374 [seeo.
1030 285 1061 345 ι.

189 426 319 504 Eadem,
332 427 428 506 plures
440 427 556 489 calones
566 438 651 506 atque
667 425 766 486 caballi
831 441 837 451 ·

188 510 341 588 Postremi,
359 511 485 572 ducenda
497 514 640 590 petorrita.
667 510 747 570 Nune
758 510 825 569 mihi
837 520 918 572 eurto

106 594 165 655 105
188 595 234 656 lre
248 595 316 655 lieet
325 595 401 655 mulo
413 594 459 655 vel
470 598 495 656 si
506 596 575 656 libet
586 613 676 673 usque
688 593 846 670 Tarentum,

187 677 308 739 llautiea
316 681 363 754 oui
371 678 482 739 lumbos
492 696 578 739 onere
587 679 696 739 ulceret
704 686 787 755 atque
795 696 886 756 eques
898 697 1005 742 armoe:

189 762 311 822 Obiieiet
321 780 404 831 nemo
418 763 518 823 sordes
529 763 611 840 milri,
625 780 694 840 quas
705 761 772 837 tibi',
789 761 874 840 Tulli,

189 843 259 905 οιιιιι
269 843 383 906 Tiburte
397 848 443 906 ria
453 855 612 924 praetorem
627 845 750 924 quinque
761 853 917 922 sequuntur

188 927 228 989 'le
246 931 341 1007 pueri,
353 929 478 989 lasanum
488 937 632 1006 portantes
645 928 908 1007 oenophorumque.

39 1022 41 1026 ‘
105 1017 165 1077 110
187 1012 251 1072 lloe
266 1029 322 1091 ego
338 1013 511 1072 commodius
515 1031 607 1111 'quam
621 1022 669 1088 tu,
686 1011 830 1089 praeclare
840 1021 969 1083 senator

186 1095 310 1156 lllillibus
324 1105 409 1174 atque
420 1093 483 1155 aliis
493 1097 568 1154 vivo.
613 1094 787 1173 Quaeunque
797 1090 886 1155 libido
901 1104 957 1172 est,

106 1196 114 1203 ·
185 1178 291 1239 lnoedo
303 1178 397 1255 eolus,
412 1189 564 1256 percontor
575 1182 669 1257 quanti
681 1179 743 1238 olus
754 1196 787 1238 ae
798 1178 851 1254 iar,

185 1261 326 1322 Fallaeem
338 1260 449 1322 Gireum
461 1265 712 1343 vespertinumque
726 1279 861 1340 pererro

157 1345 279 1422 Saepe
290 1344 407 1421 Forum,
424 1336 530 1406 adsisto
543 1346 654 1426 divinis,
667 1346 732 1406 inde
745 1346 857 1406 domum
867 1363 916 1405 me

7 1489 10 1494 .
103 1431 161 1493 115
182 1427 227 1487 Ad
240 1430 317 1506 porri
333 1437 362 1489 et
373 1432 475 1490 eioerie
485 1432 580 1490 refero
595 1430 745 1508 laganique
757 1431 892 1497 eatinum;

185 1510 281 1571 Coeno
291 1513 459 1573 monostratur
469 1532 565 1592 pueris
576 1515 680 1589 tribus
698 1523 727 1572 et
735 1512 807 1589 laprs
819 1511 923 1572 albus

182 1594 288 1655 l’oeula
302 1613 366 1655 enm
382 1599 482 1673 cyatho
500 1598 554 1657 duo
567 1601 702 1673 sustinet,
718 1596 813 1657 adstat
819 1597 937 1655 echinus

182 1678 268 1756 Vilis,
284 1698 347 1738 eum
357 1690 454 1758 patera
464 1691 576 1760 guttus
597 1679 737 1759 Campana
747 1678 902 1756 supellex

182 1761 292 1823 Deinde
304 1780 339 1822 eo
351 1763 498 1824 dormitum
508 1783 564 1824 non
576 1764 731 1840 sollicitus,
746 1763 813 1823 mihi
824 1757 902 1860 quod
914 1777 976 1820 oras

100 1849 161 1912 120
184 1846 360 1924 Surgendum
371 1850 513 1925 eitmaue,
528 1849 672 1908 obeundus
683 1846 813 1944 Meropo,
828 1845 876 1943 qui
888 1861 965 1903 ee

181 1929 293 1989 Vultum
306 1929 382 1989 ierre
392 1941 477 2009 negat
488 1931 641 1991 Noviorum
652 1947 739 2009 posse
749 1931 875 1988 minoris.

180 2012 226 2072 Ad
238 2020 361 2090 quartam
371 2015 467 2083 iaceo;
479 2024 545 2092 post
555 2017 626 2075 hano
636 2030 734 2091 vagor,
751 2021 797 2071 aut
808 2029 881 2090 ego,
896 2011 972 2072 laeto

84 2162 92 2183 s
181 2095 237 2156 Aut
248 2097 354 2172 scripto
366 2097 442 2175 quod
452 2117 497 2157 me
509 2101 620 2159 tacitum
630 2099 724 2171 iuvet,
736 2112 828 2174 ungor
841 2096 930 2172 olivo,
968 2098 972 2109 ’

164 2190 165 2194 ’
179 2179 206 2240 N
208 2195 244 2239 on
256 2196 312 2257 quo
327 2178 460 2240 fraudatis
471 2180 624 2242 immundus
635 2179 718 2240 Natta
729 2178 862 2239 lueernis.

97 2265 157 2326 125
178 2263 231 2323 Ast
242 2264 289 2322 uhi
300 2281 346 2322 me
358 2264 465 2324 fessum
477 2264 520 2325 eol
533 2266 625 2324 aerior
638 2265 680 2322 ire
695 2262 815 2323 lavatum

178 2347 328 2407 Admonuit
332 2347 436 2425 ‚fugio
443 2348 582 2425 Campum
595 2347 743 2424 lusumque
754 2349 904 2424 trigonem.

178 2431 297 2490 Prensus
307 2447 364 2490 non
374 2430 469 2508 aride,
483 2440 614 2510 quantum
624 2427 871 2507 inteipelletiuani

176 2513 282 2573 Ventre
293 2513 369 2573 drem
376 2513 491 2592 durare
506 2515 676 2575 domeetreue
688 2515 770 2573 otror
793 2513 871 2574 llaec
885 2524 930 2574 oet

177 2597 241 2658 Vita
252 2596 406 2656 solutorum
414 2600 516 2659 misera
528 2599 678 2658 ambitione
689 2600 842 2697 graviqne;

95 2682 155 2744 130
168 2681 282 2742 Hieme
296 2680 576 2743 eonsolorviotnrum
587 2684 715 2758 suarius,
732 2698 765 2740 ae
777 2684 801 2740 si

177 2764 318 2839 Quaestor
328 2783 396 2824 avus
409 2774 488 2844 pater
500 2776 584 2846 etque
594 2785 674 2827 meus
685 2774 859 2845 patruusque
870 2765 983 2826 inisset.

494 3001 646 3010 ——-

408 3164 420 3171 “’
432 3164 614 3222 §MIRA
623 3164 707 3219 vll.

164 3261 325 3346 „Proscripti
335 3266 423 3344 Regis
435 3267 530 3346 Rupili
542 3285 595 3346 pus
606 3276 690 3348 atque
704 3285 843 3336 venenum
872 3277 875 3280 ’
916 3335 922 3343 ,

172 3337 294 3423 Hybrida
306 3367 362 3430 quo
375 3362 458 3431 paeto
470 3350 629 3413 sitl‘ersius
644 3353 733 3430 ultus,
748 3354 849 3430 opinor

6 3424 142 3648 Ἰ
253 3742 256 3757 .
