2266 3878
140 285 204 348 aas
417 284 744 372 ,urmsosmnm
880 289 981 365 [upra
995 293 1085 387 rara]

223 439 277 500 llic
290 447 335 499 est
344 446 391 499 aut
401 454 551 515 nusquam,
566 435 642 514 quod
653 440 823 515 quaerimus.
845 438 899 501 llic
910 459 981 503 onus
992 443 1084 520 horret

162 522 203 588 40
223 524 261 585 Ut
271 525 365 602 paruis
379 523 476 581 animis
490 530 518 579 et
533 537 621 597 parvo
634 539 755 599 corpore
765 526 869 593 maius;

142 654 148 663 .
222 607 276 669 llic
287 606 378 683 subit,
398 614 426 664 et
438 604 555 683 perfert.
578 603 731 665 Autvirtus
743 606 1015 687 nomeninaneest,

223 692 280 752 Aut
294 690 382 750 decus
393 698 422 748 et
433 690 553 766 pretium
563 697 644 748 recte
656 691 727 765 petit
737 693 888 767 experiens
902 696 955 754 vir.

224 774 326 835 Coram
337 791 407 850 rege
419 791 470 833 suo
484 772 521 831 de
533 781 698 849 paupertate
709 780 836 833 tacentes

144 910 149 917 .
223 858 289 918 Plus
300 866 438 937 poscente
449 857 553 917 ferent:
573 855 671 932 distat,
692 874 821 917 sumasne
835 859 972 937 pudenter
1037 932 1043 937 ,

163 942 202 1006 45
224 944 268 1003 An
278 945 388 1021 rapias;
410 943 486 1019 atqui
498 959 591 999 rerum
603 950 687 1017 caput
696 940 752 999 hoc
763 950 839 1017 erat,
857 943 903 1002 hio
915 943 990 1005 fons.

225 1025 452 1105 „lndotatamihi
463 1040 546 1084 soror
557 1031 616 1099 est,
635 1024 805 1101 paupercula
816 1035 914 1103 mater,

225 1109 286 1188 „Et
297 1110 398 1169 fundus
410 1126 464 1167 nec
474 1106 623 1167 vendibilis
634 1125 688 1166 nee
699 1124 818 1184 pascere
830 1109 961 1187 firmus,“
987 1166 994 1186 ,

226 1193 282 1266 Qui
296 1192 379 1268 dicit,
396 1190 507 1251 clamat:
526 1190 660 1267 „Victum
671 1191 734 1251 date
745 1190 776 1250 !“
787 1191 913 1253 succinit
924 1194 993 1257 alter

225 1275 286 1352 „Et
296 1276 362 1335 milri
374 1274 487 1335 dividuo
501 1273 619 1334 llndetur
627 1293 743 1333 munere
755 1275 894 1352 quadra,“

163 1360 205 1422 50
226 1358 284 1418 Sed
295 1360 395 1418 tacitus
407 1360 486 1436 pasci
497 1360 521 1417 si
534 1367 632 1435 posset
644 1376 757 1436 corvus,
770 1360 887 1419 haberet
955 1404 958 1409 ,
1023 1357 1025 1361 ’
1042 1380 1045 1385 ·

224 1441 289 1502 Plus
302 1441 399 1520 dapis,
416 1444 532 1502 etrlxae
542 1442 730 1501 multominus
743 1443 932 1522 invidiaeque.

222 1525 399 1586 Brundisium
411 1542 508 1586 eomes
520 1533 566 1585 aut
576 1526 737 1587 Surrentum
750 1525 849 1587 duetus
861 1543 1016 1606 amoenum,

224 1609 280 1684 Qui
292 1612 417 1688 queritur
427 1610 553 1670 salebras
565 1618 593 1669 et
605 1611 737 1670 acerbum
748 1611 838 1688 frigus
850 1621 879 1672 et
890 1614 1002 1693 imbres,
1020 1668 1023 1679 .

222 1694 279 1754 Aut
290 1695 388 1754 cistam
399 1694 542 1754 effractam
553 1703 582 1753 et
593 1693 728 1753 subducta
738 1697 840 1755 viatica
856 1695 964 1773 plorat:

163 1781 203 1844 55
225 1778 297 1839 Nota
309 1778 397 1837 refert
407 1779 563 1838 meretricis
574 1780 718 1853 acumina,
735 1796 821 1856 saepe
834 1781 963 1843 catellam

223 1863 318 1939 Saepe
331 1861 527 1939 periscelidem
537 1870 643 1938 raptam
654 1863 708 1922 sibi
720 1862 828 1940 flentis,
841 1867 881 1924 uti
892 1881 959 1926 mox

223 1945 306 2006 Nulla
317 1945 387 2004 lidos
399 1943 504 2004 damnis
515 1947 648 2022 verisque
663 1944 808 2006 doloribus
818 1948 902 2009 adsit.

223 2027 285 2088 Nec
298 2027 497 2104 semelirrisus
510 2030 599 2087 triviis
610 2029 739 2090 attollere
753 2041 837 2113 curat!
938 2069 941 2072 -

222 2111 325 2171 Fracto
337 2128 418 2171 crure
431 2111 557 2188 planum,
572 2111 641 2171 licet
651 2112 691 2172 illi
704 2113 820 2191 plurima
832 2128 925 2178 manet

162 2201 204 2262 60
224 2195 363 2272 lacrima,
378 2210 429 2274 per
440 2204 565 2255 sanetum
576 2198 681 2255 iuratus
694 2197 767 2258 dicat
779 2199 896 2261 Osirim:

225 2278 379 2357 „Credite,
396 2296 453 2338 non
463 2278 543 2348 ludo;
559 2279 689 2339 crudeles
701 2281 791 2341 tollite
802 2283 971 2345 clauduml“

223 2363 361 2442 „Quaere
373 2365 577 2442 peregrinum“
591 2366 694 2424 vicinia
704 2383 788 2427 rauca
798 2367 941 2430 reclamat.

417 2724 662 2783 malevolam
681 2727 822 2817 xm.

497 2834 544 2889 AD
563 2834 735 2892 LQLLIUM.

223 2953 253 3012 si
265 2953 338 3012 berre
349 2961 377 3012 te
387 2955 470 3029 novi,
484 2963 608 3030 metues,
624 2955 764 3015 liberrime
780 2955 862 3033 Lolli,

222 3037 380 3097 Scurrantis
392 3039 517 3114 speeiem
529 3040 683 3116 praebere,
697 3039 846 3118 professus
859 3040 985 3103 amicum,
1022 3064 1025 3069 ·

221 3120 258 3180 Ut
272 3129 395 3180 matrona
405 3123 545 3180 meretrici
558 3122 653 3200 dispar
664 3127 716 3183 erit
726 3132 811 3203 atque

220 3203 370 3282 Discolor,
386 3204 471 3265 infido
484 3223 597 3266 scurrae
609 3207 722 3267 distalrit
731 3211 849 3268 amicus.
870 3287 874 3291 Ι

180 3289 198 3348 5
220 3286 347 3348 Esthuic
361 3288 500 3349 diversum
510 3292 578 3350 vitio
589 3293 685 3350 uitium
700 3296 898 3370 propensius,
1012 3296 1017 3311 “·

220 3371 367 3449 Asperitas
380 3376 500 3450 agrestis
512 3382 541 3433 et
553 3376 718 3434 inconcinna
728 3380 892 3455 gratisque,
