2266 3878
10 136 42 201 ,3
92 105 224 191 [upana]
493 111 604 174 unua
618 111 642 174 1.

10 298 12 315 .
87 254 166 343 Plebs
180 264 247 324 cris.
269 262 308 323 At
321 265 402 341 pueri
415 264 544 325 ludentes
555 267 642 342 „Rex
654 268 734 326 eris“
745 270 832 348 aiunt,

82 346 137 417 „si
146 356 227 409 recte
239 346 366 407 ἠοίων*
391 347 444 406 llio
458 364 553 409 murus
567 351 691 410 aheneus
707 361 784 412 este:

78 422 126 491 Nil
137 432 269 492 conscire
280 430 335 490 sibi
343 474 352 507 ,
368 430 443 491 nulla
457 432 616 510 pallescere
629 433 720 512 culpa.

75 505 200 593 Roscia,
213 514 259 575 dic
270 514 373 586 sodes,
385 515 485 574 melier
496 516 543 575 lex
555 535 589 576 an
601 535 749 595 puerorum
761 528 806 579 cst

72 588 185 676 Neela,
200 617 273 679 quae
284 616 401 676 reguum
411 609 491 659 recte
504 599 672 663 facientibus
683 602 775 679 ollert,

69 671 113 742 Et
123 683 248 744 maribus
261 681 352 742 Curiis
368 691 396 740 et
408 682 552 744 decantata
568 682 712 745 Camillis?

68 755 141 827 lane
156 767 208 826 tibi
226 765 326 825 melius
344 764 458 842 suadet,
477 769 524 844 qui
540 767 635 844 „Rem
646 769 744 845 iacias,
757 787 826 846 rem,
998 776 1038 837 65

68 851 362 928 „Sipossis,recte,
376 852 481 926 sinon,
498 852 845 931 quocunquemodorem,
1030 882 1043 914 a

63 932 134 1007 „Ut
146 935 267 1012 propius
279 940 394 1010 spectes
409 931 557 994 lacrimosa
568 942 698 1013 poemata
708 935 778 1015 Pupi
787 940 817 1006 ;“

28 1032 36 1049 ‘
61 1010 113 1077 An
126 1018 178 1097 qui
185 1062 195 1095 ,
210 1015 351 1077 Fortunae
363 1025 392 1074 te
404 1034 574 1094 responsare
586 1021 725 1097 superbae

59 1091 204 1162 Liberum
214 1109 246 1160 et
255 1110 395 1175 erectum,
417 1103 835 1183 praesenshortaturetaptatl
948 1142 950 1147 <

60 1179 185 1257 Quodsi
196 1201 243 1243 mo
254 1181 377 1263 populus
389 1182 530 1243 Romanus
542 1185 615 1245 forte
630 1197 728 1264 reget,
743 1207 794 1248 cur
995 1196 1037 1257 70

58 1263 135 1329 Non
150 1275 182 1327 ut
194 1268 352 1347 porticibus
369 1269 411 1327 sic
424 1268 534 1327 iudiciis
547 1269 622 1328 fruar
633 1269 733 1347 isdem,
1026 1272 1033 1285 “

57 1345 132 1413 Noc
145 1369 251 1430 sequar
261 1360 308 1434 aut
318 1351 423 1429 fugiam
435 1369 507 1430 quae
522 1352 612 1430 diligit
623 1355 686 1431 ipse
702 1352 750 1414 uel
759 1354 832 1415 odit:

59 1433 146 1497 Olim
159 1434 238 1514 quod
250 1434 353 1511 uulpes
364 1444 483 1512 aegroto
499 1445 579 1496 cauta
589 1435 665 1496 leoni

55 1513 245 1598 Respondit,
261 1520 397 1579 relemm:
413 1518 510 1595 „Quia
521 1538 567 1579 me
577 1522 699 1599 uestigia
713 1529 830 1599 terrent,

56 1603 198 1679 „Omnia
208 1612 238 1663 to
253 1601 401 1663 adversum
415 1605 588 1681 spectantia,
601 1603 676 1664 nulla
686 1612 874 1666 retrorsum.“
992 1613 1032 1673 75

54 1681 170 1747 Bellua
180 1684 329 1747 multorum
341 1704 374 1744 es
387 1689 517 1765 capitum.
529 1687 600 1748 Nam
611 1687 677 1768 quid
687 1707 801 1768 sequar,
810 1701 856 1751 aut
867 1691 971 1772 merul

54 1764 138 1832 Pars
151 1769 294 1831 bominum
306 1771 392 1848 gestit
407 1771 566 1832 conducere
577 1772 703 1853 publica;
715 1783 778 1834 sunt
793 1779 840 1857 qui

58 1854 182 1916 (bustis
193 1863 223 1914 ot
232 1855 325 1932 pomis
336 1853 434 1915 viduas
444 1865 581 1916 venentur
591 1875 699 1935 avaras,

57 1932 277 2018 Excipiamque
288 1955 385 2013 senes,
404 1954 477 2016 quos
489 1943 516 2000 in
529 1943 635 2002 vivaria
646 1945 766 2014 mittant;
848 1978 870 2005 ι.

57 2014 164 2083 Multis
180 2019 294 2082 occulto
310 2023 413 2082 crescit
423 2040 472 2081 res
483 2022 612 2084 foenore.
633 2023 738 2085 Verum

55 2100 159 2184 Esto,
172 2103 316 2165 aliisalies
327 2105 413 2164 rebus
425 2105 581 2184 studiisque
596 2111 699 2167 teneri:

60 2185 148 2249 Idem
160 2189 260 2249 eadem
272 2197 390 2267 possunt
402 2189 498 2248 lroram
512 2189 611 2249 durare
623 2188 797 2267 probantes?

64 2272 194 2349 „Nullus
209 2275 238 2345 in
249 2273 320 2333 orbe
333 2274 411 2332 sinus
422 2270 497 2332 baiis
510 2272 654 2351 praelucet
665 2275 825 2341 amoenis“,
905 2335 910 2346 ,

66 2356 100 2416 Si
112 2355 182 2417 dixit
193 2355 273 2416 diues
285 2376 292 2415 τ
304 2355 383 2416 lacus
396 2365 425 2416 et
434 2374 510 2416 mare
523 2359 607 2416 sentit
618 2374 742 2418 amorem

65 2434 239 2501 Festinantis
253 2439 328 2509 beri;
343 2442 423 2500 enisi
437 2442 539 2500 uitiosa
550 2439 636 2500 libido
989 2451 1030 2513 85

66 2519 181 2585 Fecerit
191 2526 358 2602 auspicium,
371 2521 466 2600 „Cras
477 2524 643 2584 ferramenta
654 2522 777 2585 Teanum

68 2604 203 2685 Tolletis,
215 2608 325 2668 labri!“
347 2607 449 2669 Lectus
461 2607 579 2685 genialis
591 2610 619 2668 in
633 2607 695 2668 aula
709 2619 767 2670 est:

67 2687 115 2751 llil
125 2693 163 2751 ait
174 2709 240 2751 esse
251 2694 345 2769 prius,
361 2690 461 2750 melius
478 2691 516 2750 nil
528 2691 640 2752 coelibe
654 2693 725 2761 uitaa

70 2774 99 2832 si
113 2791 169 2835 nou
181 2784 241 2852 est,
253 2777 324 2836 iurat
340 2777 413 2837 bene
427 2773 497 2834 solis
512 2793 577 2834 esse
590 2778 705 2837 maritis.

71 2855 133 2929 Quo
143 2866 254 2918 uncam
265 2860 358 2919 uultus
369 2867 518 2919 mutantem
529 2857 629 2920 Protea
643 2859 737 2922 nodo‘l
987 2868 1029 2930 90

71 2938 143 3012 nuru
153 2940 284 3022 pauper?
305 2943 395 3005 Ride:
406 2951 492 3003 mutat
503 2945 672 3023 coenacula,
685 2945 787 3024 lectos,

70 3020 186 3103 balnea,
200 3035 347 3106 tonsores,
360 3027 500 3089 conducto
511 3030 623 3107 navigio
635 3049 725 3110 aeque

49 3164 55 3172 .
71 3104 191 3170 Nauseat
202 3129 236 3171 ac
247 3111 393 3191 locuples,
409 3131 492 3193 prem
505 3113 579 3173 ducit
591 3115 669 3192 priva
680 3116 810 3176 triremis.
866 3136 870 3147 ¹

72 3189 99 3249 Si
111 3203 221 3255 curatus
233 3197 371 3275 inaequali
383 3206 498 3257 tonsore
509 3197 628 3276 capillos
