2266 3878
315 254 426 349 urina
440 286 478 350 rr.
815 286 877 352 aon
910 349 913 356 ,

65 443 188 495 ustraret
202 434 305 514 digito:
320 456 383 499 nam
395 448 490 499 cetera
500 439 592 515 turba,

64 537 123 595 am,
136 530 288 580 coenamus
301 539 379 598 aves,
393 521 558 599 conchylia,
578 524 686 600 pisces,

66 602 185 661 similem
195 612 262 662 noto
274 604 393 667 celantia
404 624 512 682 sucum,

65 688 153 745 ntiuuo
165 690 270 764 patuit,
284 706 347 748 oum
359 691 484 768 passeris
494 698 580 767 atque
644 695 656 709 ·’

65 770 132 829 mihi
144 770 310 847 porrexerat
320 772 367 832 ilia
379 771 521 833 mombis
833 777 875 840 80

65 871 103 912 me
116 852 226 934 docuit,
240 855 379 916 melimela
390 858 493 917 rubere
504 858 639 916 minorem
690 872 692 879 ’

70 936 191 996 delecta.
215 935 290 1010 Quid
304 940 360 999 hoc
370 941 495 1015 intersit,
509 941 544 999 ab
558 941 622 1018 ipso

65 1020 173 1081 ocliust·
193 1020 263 1080 'lum
273 1022 402 1084 Vibidius
412 1023 568 1084 Balatroni:

74 1105 208 1164 damnose
219 1105 349 1184 bibimus,
363 1110 514 1167 moriemur
524 1105 640 1184 inulti‚“

65 1208 70 1247 ι
83 1191 176 1266 poscit
190 1190 321 1250 maiores.
342 1191 463 1250 Vertere
474 1188 566 1268 pallor
832 1197 873 1259 85

66 1273 111 1333 obi
123 1273 242 1349 laciem,
256 1273 295 1332 nil
306 1277 349 1334 sic
359 1275 508 1334 metuentis
520 1284 549 1334 ut
563 1292 645 1335 acres

65 1356 105 1415 rel
117 1356 194 1435 quod
205 1357 374 1418 maledicunt
387 1357 505 1417 liberius
514 1357 562 1416 vel

65 1440 120 1499 uod
132 1440 235 1500 subtile
247 1441 396 1501 exsurdant
406 1444 470 1501 vina
482 1440 614 1518 palatum.

65 1523 194 1585 Allifanis
204 1527 309 1586 vinaria
320 1535 379 1586 tota
404 1578 413 1587 ,

65 1608 234 1686 lalatroque,
248 1611 352 1669 secutis
364 1608 564 1676 omnibus3imi
631 1648 636 1653 -
831 1612 873 1677 40

66 1691 133 1752 lecti
148 1692 263 1752 nihilum
274 1710 398 1753 nocuere
409 1692 529 1769 lagenis.

65 1776 164 1855 quillas
178 1778 251 1835 inter
261 1795 391 1838 muraena
403 1783 530 1836 natantes

65 1870 196 1920 correcta.
221 1859 279 1919 Sub
294 1861 349 1920 hoo
360 1862 446 1921 beros
458 1858 560 1936 „llaec
571 1857 710 1936 gravida“
721 1861 810 1939 inquot

65 1953 96 2020 o,
112 1944 236 2009 deterior
246 1952 312 2022 post
324 1955 431 2024 partum
443 1961 526 2004 carne
538 1944 639 2003 lutura.

65 2047 110 2087 um
122 2031 166 2087 ius
181 2028 332 2106 estzoleo,
346 2029 422 2108 quod
434 2030 521 2107 prima
531 2026 646 2088 Venafri
727 2064 729 2068 ·
795 2029 870 2094 'lo

65 2112 140 2180 cella:
155 2130 226 2190 garo
235 2113 271 2172 do
284 2116 360 2173 sucis
376 2115 463 2192 piscis
475 2112 591 2181 Hiberia
608 2130 611 2139 ’

65 2199 205 2275 ῗηᾳυθιιιιῑ,
218 2214 315 2260 verum
327 2200 395 2256 citra
406 2214 482 2256 mare
496 2203 572 2272 nato,

65 2282 148 2358 [uitur
161 2315 199 2324 -
213 2288 297 2338 cocto
308 2278 407 2339 Chium
418 2281 460 2339 sio
473 2278 613 2352 convenit,
627 2285 721 2337 utnon

65 2366 98 2439 ‚ris
109 2363 194 2423 ullum
206 2362 281 2423 aliud
294 2385 348 2432 -;
362 2366 462 2442 pipere
474 2362 549 2438 albo,
561 2379 618 2421 non
630 2361 691 2421 sine
703 2369 797 2438 aceto,

65 2449 251 2522 ethymuaeam
263 2449 331 2507 vitio
346 2447 492 2507 mutaverit
504 2462 594 2504 uvam.
831 2446 872 2508 50

65 2531 159 2591 virides
169 2575 178 2607 ‚
190 2531 279 2591 inulas
296 2547 352 2610 ego
364 2534 469 2610 primus
481 2545 587 2588 amaras

65 2617 87 2674 ri
102 2618 273 2693 incoquero;
289 2615 385 2675 illotos
397 2613 529 2674 Curtillus
541 2608 668 2688 echinos,

65 2718 83 2758 s
94 2701 197 2776 muria,
210 2700 287 2778 quod
297 2708 370 2759 testa
380 2700 484 2758 marina
494 2697 648 2757 remittat.“

68 2801 171 2860 spensa
185 2801 288 2862 graves
297 2782 395 2843 aulaea
406 2783 501 2841 ruinas

65 2868 196 2943 ufecere,
209 2868 344 2926 trahentia
356 2865 480 2945 pulveris
491 2866 541 2924 atri
596 2908 598 2913 s

65 2968 115 3010 non
126 2950 230 3029 Aquilo
243 2949 391 3028 Campanis
403 2952 506 3009 excitat
517 2949 602 3026 agris.

65 3037 179 3111 croniti,
192 3044 343 3112 postquam
354 3033 422 3095 nihil
437 3052 507 3093 esse
517 3031 615 3109 pericli

65 3163 71 3195 ‚
89 3121 237 3198 erigimur3
252 3117 343 3178 Rufus
354 3121 449 3197 posito
464 3119 573 3195 capite,
589 3125 619 3175 ut
633 3115 659 3174 si

65 3210 168 3263 laturus
179 3204 305 3280 obisset,
321 3203 400 3263 llere.
425 3200 495 3275 Quis
508 3209 587 3260 esset

65 3287 170 3364 rapiens
182 3289 225 3346 sic
239 3286 432 3347 Nomentanus
443 3289 562 3347 amicum
830 3281 872 3344 60

65 3369 159 3447 „Hem
171 3370 304 3448 Fortuna„
319 3372 382 3449 quis
395 3379 439 3429 est
449 3366 591 3429 crudelior
606 3366 634 3425 iu
645 3379 698 3423 nos
737 3437 742 3449 ι

733 3644 743 3663 ,
829 3516 947 3646 Γ
