2266 3878
305 695 341 771 Q.
356 656 655 756 nnnnnnsnneel
800 733 803 749 ,

73 804 903 964 snnlnnnnn

201 1016 203 1021 ’
367 987 461 1044 LIBER
478 985 609 1044 PRIMUS.

399 1130 560 1139 ---

365 1233 552 1290 sulm
569 1233 600 1287 Ι.

87 1353 156 1456 Qui
167 1365 207 1439 fit,
219 1364 381 1441 Maecenas,
393 1374 423 1424 ut
433 1378 527 1438 nemo,
540 1381 623 1442 quam
634 1363 687 1421 sibi
700 1371 805 1421 sortem

90 1451 145 1512 Seu
158 1451 230 1513 ratio
241 1449 351 1509 dederit
366 1468 417 1508 sen
429 1449 488 1508 iors
502 1447 650 1522 obiecerit,
663 1445 710 1504 ille
866 1506 869 1511 ⁴

76 1565 78 1568 >
91 1532 244 1595 Contentus
254 1535 341 1609 vivet,
359 1531 453 1593 landet
465 1531 575 1590 diverse
586 1526 760 1607 sequentes?
842 1539 845 1545 ·

91 1615 138 1695 „0
149 1617 282 1677 fortunati
293 1614 504 1676 ιιιιειοιιιοιιιεέιι
515 1616 609 1690 gnavis
621 1613 700 1671 snnis
801 1657 804 1661 .

90 1698 173 1762 Miles
182 1702 239 1777 ait,
251 1699 338 1759 multo
353 1702 407 1760 ism
422 1699 527 1758 fractus
538 1696 661 1755 membra
671 1694 778 1754 labere.
944 1700 962 1760 5

93 1781 194 1848 contra
204 1792 352 1858 mereator,
366 1800 465 1842 navem
476 1781 640 1863 iactantibus
651 1778 772 1854 Austris,

92 1864 380 1946 „Militieestxpotion
404 1865 478 1938 Quid
488 1861 583 1924 enim?
606 1861 900 1930 Concurritnr3honae

91 1949 256 2028 „Memento
268 1951 323 2009 eitn
333 1965 408 2009 mors
418 1951 495 2008 venit
506 1957 552 2008 ent
562 1948 680 2007 victorie
690 1946 798 2006 laeta.“

90 2030 251 2111 Agricolam
261 2032 353 2093 landet
364 2034 431 2092 iuris
443 2031 594 2110 legumque
605 2032 723 2108 peritus,
863 2104 867 2111 K

92 2116 148 2176 Sub
164 2115 232 2194 gelli
244 2125 354 2176 eentum
365 2115 510 2175 consultor
520 2115 567 2174 nisi
584 2117 655 2174 ostie
668 2113 769 2191 pulsnt.
925 2118 964 2179 10

91 2196 142 2260 Ille
153 2199 224 2259 detis
235 2199 351 2259 vadibus
363 2201 485 2277 quinne
501 2207 642 2258 extractus
656 2199 684 2257 in
695 2197 792 2256 urbem
804 2204 858 2272 est,

92 2281 661 2345 Solesielieesviventeselametinnrbe.
767 2280 769 2285 ’

93 2364 193 2426 Cetera
204 2365 240 2426 de
250 2385 357 2444 genere
369 2367 424 2425 hoe
434 2397 445 2409 ·
457 2365 528 2425 adeo
540 2373 604 2423 sunt
614 2363 719 2422 mults·
730 2362 888 2441 loquacem»

90 2447 241 2510 Delessare
250 2449 345 2509 velent
354 2448 479 2509 Fabium.
503 2447 547 2507 Ne
560 2457 589 2506 te
600 2464 703 2522 morer,
715 2445 779 2505 sudi

92 2530 155 2610 Quo
166 2523 383 2601 remdednesnn.
407 2533 436 2591 Si
449 2533 512 2610 quis
524 2531 593 2590 dens
606 2528 673 2606 „En
683 2532 764 2607 ιιςοιι
777 2529 850 2589 diest
925 2532 963 2594 15
989 2584 993 2593 ,
1036 2582 1043 2593 ,

92 2614 479 2694 ,‚Ian1iaeia1nquodvultis;
491 2616 598 2690 erista,
612 2615 660 2692 qui
670 2613 754 2672 modo
767 2613 859 2690 miles,
970 2649 974 2661 ‹

91 2689 268 2775 „Menoeten
279 2707 319 2776 tu,
333 2698 477 2758 consultus
488 2698 583 2773 modo,
596 2698 732 2756 rusticus:
745 2697 885 2774 nineven,

91 2781 171 2856 „Vns
183 2783 248 2842 hine
264 2783 374 2841 mutatis
390 2781 528 2841 discedite
541 2782 676 2858 pentibus.
698 2779 764 2840 Eia!

91 2862 188 2939 „Quid
200 2862 375 2944 stetisi‘fi-
389 2864 486 2928 nolint.
509 2864 594 2943 Atqui
609 2864 677 2923 lieet
689 2881 755 2923 esse
766 2864 866 2924 beatis.

93 2945 164 3019 Quid
175 2964 277 3008 neusse
288 2956 341 3028 est,
353 2950 451 3007 merito
464 2950 531 3026 quin
541 2947 597 3008 iliis
608 2946 839 3026 luppiteramnas
861 2972 866 2981 “
926 2948 965 3009 20

91 3027 178 3091 hstiis
188 3031 295 3091 hnceas
305 3030 383 3090 inflet
392 3048 485 3109 neque
497 3049 530 3090 se
541 3031 604 3091 fore
615 3033 734 3109 posthae

92 3110 156 3174 Tam
170 3112 283 3190 feeilenn
295 3113 379 3190 dieat,
395 3117 469 3173 votis
482 3122 512 3174 ut
522 3116 656 3191 praebeat
667 3111 784 3175 eurem?

92 3193 239 3258 Praeterea
251 3241 258 3257 .
271 3240 278 3257 .
292 3240 299 3257 .
312 3196 356 3256 Ne
371 3198 424 3273 sie,
436 3200 525 3276 utqui
540 3198 684 3279 iocularis,
696 3197 790 3257 ridens
891 3204 895 3213 “

91 3274 267 3349 Perennem
279 3312 290 3324 ·
306 3298 463 3359 quanquam
473 3280 611 3340 ridentem
623 3281 718 3340 dieene
729 3297 825 3369 terum
