2266 3878
142 244 206 318 aco
522 208 781 314 nrisrounnuu
955 257 1094 326 [spuunt

40 448 43 453 ·
135 384 211 472 '385
226 414 246 479 i
257 406 299 467 Tu
311 405 378 466 nihil
390 405 475 465 inrita
488 403 567 464 dices
582 405 707 466 faciesve
718 403 852 482 Minerva,

224 491 256 552 ld
266 492 316 551 tibi
328 489 460 550 iudicium
471 497 531 566 est,
544 506 578 548 ea
589 507 683 558 mens;
693 492 717 550 si
730 489 796 567 quid
808 500 898 560 tamen
910 489 977 566 olirn

226 576 398 654 Scrqnseris‚
415 575 444 633 in
454 571 546 632 Maeci
557 572 709 635 descendat
719 573 819 634 iudicis
831 592 913 634 aures

225 660 262 720 Et
272 661 362 739 patris
369 666 397 718 et
407 666 534 732 nostras,
549 674 709 736 nonumque
723 667 864 735 prematur
875 660 903 721 in
914 677 1024 731 annun,

224 744 392 805 Membranis
404 744 478 802 intus
493 743 605 819 positis;
618 742 714 805 delere
726 743 834 824 licebit,

29 866 31 873 >
143 833 205 893 390
227 827 311 904 Quod
321 843 378 886 non
392 825 531 895 edideris;
550 827 642 886 nescit
651 843 709 885 vox
719 828 803 885 missa
815 828 929 887 reverti.

225 913 376 972 silvestres
387 911 514 971 homiues
526 928 607 970 sacer
617 911 814 988 interpresque
829 910 945 970 deorum

224 996 365 1058 caedibus
377 1003 405 1054 et
418 996 494 1055 victu
504 993 592 1054 foedo
602 993 736 1053 deterruit
748 991 888 1071 Orpbeus,
1044 986 1049 993 ’

224 1082 324 1141 Dictus
334 1080 371 1139 ob
385 1079 441 1141 buc
453 1077 542 1139 lenire
553 1079 641 1156 tigres
652 1078 823 1156 rabidosque
834 1078 943 1138 leones.

224 1166 323 1226 Dictus
335 1171 364 1224 et
372 1162 531 1239 Amphion,
547 1160 696 1222 Thebanae
707 1162 837 1223 eonditor
847 1163 935 1239 urbis,

68 1282 72 1299 ι
142 1252 203 1315 395
226 1249 298 1309 Saxa
309 1264 423 1307 movere
435 1263 506 1306 sono
516 1246 664 1307 testudinis
676 1255 704 1305 et
714 1264 802 1325 prece
814 1246 915 1307 blanda

224 1333 352 1408 Ducere,
369 1346 426 1410 quo
437 1329 533 1391 vellet.
555 1329 618 1390 Fuit
628 1331 699 1390 haee
713 1332 848 1409 sapientia
859 1330 1008 1409 quondam,

224 1416 338 1476 Publica
350 1415 464 1495 privatis
476 1433 646 1491 secernere,
664 1433 744 1475 sacra
755 1416 891 1492 profanis,

225 1488 382 1561 Concubitu
393 1493 546 1584 p'rohibere
556 1516 645 1576 vago,
661 1499 728 1559 dare
741 1502 800 1558 iura
811 1500 927 1575 maritis,

184 1600 188 1604 ·
225 1584 336 1666 Oppida
344 1583 454 1660 moliri,
470 1583 550 1661 leges
559 1582 684 1643 incidere
696 1583 787 1661 ligno:

141 1665 203 1730 400
224 1667 848 1744 Sichonoretnomendivinisvatibusatque

223 1752 396 1825 Carminibus
407 1753 493 1814 venit.
515 1750 583 1811 Post
593 1751 645 1811 hus
656 1753 773 1828 insignis
785 1750 935 1830 Homerus,

222 1837 414 1916 Tyrtaeusque
425 1854 516 1897 mares
526 1837 634 1897 animos
645 1837 673 1897 in
683 1835 781 1897 Martia
793 1834 868 1895 bella

222 1923 358 1982 Versibus
364 1922 491 1988 exacuit3
510 1920 601 1980 dictae
613 1936 666 1997 per
676 1922 796 1981 earmina
808 1928 910 1998 sortes,

136 2025 138 2029 ’
222 2007 258 2067 Et
267 2008 342 2066 vitae
356 2012 506 2064 monstrata
515 2004 561 2062 via
571 2011 631 2078 est,
648 2012 676 2063 et
689 2005 778 2080 gratia
789 2021 887 2082 regum

141 2087 201 2154 405
223 2089 321 2150 Pieriis
332 2096 434 2148 tentata
444 2085 553 2162 modis,
571 2085 711 2166 ludusque
721 2096 862 2166 repertus,

223 2173 259 2234 Et
269 2173 417 2252 longorum
430 2188 547 2248 operum
557 2170 633 2232 linis:
647 2207 684 2217 -
695 2191 732 2232 ne
743 2173 816 2233 forte
829 2171 929 2250 pudori

220 2259 266 2333 stt
277 2259 327 2318 tibi
338 2256 421 2318 Musa
429 2257 506 2332 lprne
516 2253 619 2316 sollers
632 2263 661 2315 et
670 2266 768 2319 cantor
778 2257 899 2335 Apollo!
951 2328 954 2339 γ

222 2342 325 2403 Natura
339 2342 419 2402 lieret
428 2339 568 2401 laudabile
578 2357 704 2416 carmen,
722 2351 836 2419 auerte,

143 2470 146 2475 «
171 2469 174 2479 .
225 2426 388 2501 Quaesitum
400 2434 457 2484 est:
471 2441 528 2503 ego
539 2441 593 2484 nee
604 2424 724 2487 studiurn
739 2427 799 2484 sine
812 2426 898 2486 divite
908 2443 989 2506 vena,

73 2526 75 2530 ⁴
140 2511 201 2572 410
222 2511 283 2570 Nee
293 2509 363 2570 rude
374 2509 440 2588 quid
451 2510 542 2586 possit
551 2507 635 2568 video
647 2510 800 2586 ingenium:
816 2509 930 2571 alterius
941 2514 984 2572 sie

222 2595 318 2654 Altera
331 2595 424 2671 poscit
434 2610 519 2671 opem
529 2610 577 2668 res
588 2601 617 2653 et
627 2596 754 2653 coniurat
764 2595 863 2655 suine.

223 2679 278 2752 oui
289 2677 381 2738 studet
389 2686 511 2755 optatam
522 2694 606 2736 cursu
619 2680 782 2755 contingere
793 2687 905 2756 metam,
971 2678 976 2683 '

127 2824 130 2843 ¹
221 2763 307 2823 Multa
317 2762 379 2821 tulit
389 2763 514 2841 fecitque
528 2778 615 2840 puer,
633 2762 783 2822 sudavitet
794 2763 867 2840 alsit,

222 2847 362 2907 Abstinuit
371 2863 477 2906 venere
489 2856 517 2905 et
530 2848 610 2917 vino;
627 2849 674 2926 qui
686 2846 782 2922 Pptbia
795 2857 886 2907 cantat

140 2930 199 2995 415
222 2932 352 3007 Tibicen,
373 2930 468 2991 didicit
479 2933 555 3008 prius
567 2933 749 3010 extimuitque
759 2933 929 3009 magistrum.

149 3087 152 3091 v
222 3016 303 3076 Nune
316 3016 384 3076 satis
396 3024 440 3074 est
455 3015 575 3074 dixisse:
597 3015 684 3094 „Ego
696 3017 764 3074 ruina
777 3023 907 3093 poemata
919 3034 1027 3097 pango;

221 3099 374 3178 „Occupet
384 3108 536 3158 extremum
548 3099 673 3168 scabies;
689 3100 755 3159 mihi
767 3109 848 3178 turpe
859 3101 979 3180 relinqui
995 3110 1038 3161 est

221 3185 294 3262 „Et,
311 3184 388 3263 quod
399 3199 454 3242 non
466 3180 566 3261 didici,
580 3200 647 3241 sane
657 3185 768 3243 nescire
784 3185 876 3247 lateri.
891 3187 924 3243 “,

222 3270 258 3330 Ut
271 3285 391 3346 praeco,
408 3266 443 3327 nd
454 3282 563 3328 meroes
574 3266 681 3325 turbam
690 3269 739 3345 qui
752 3271 830 3346 cogit
842 3269 986 3345 emendas,

140 3358 201 3420 420
222 3354 421 3413 Assentatures
429 3349 508 3411 iubet
519 3347 555 3409 ad
570 3347 727 3411 lucrumire
737 3360 823 3429 poeta
