2266 3878
133 280 195 344 244
501 277 758 340 Eristotnntttt
946 283 1087 359 [Epirum]

117 470 120 479 ·
215 433 300 494 Forte
311 432 363 493 sub
374 434 429 494 hoc
440 441 551 511 tempus
563 431 708 492 castellum
724 439 853 493 evertere
864 439 980 508 praetor
1060 437 1074 455 ”

153 519 194 580 35
215 517 321 578 Nescio
336 516 412 596 quod
424 519 557 594 cupiens,
574 517 677 576 hortari
693 517 788 593 coepit
799 514 920 573 eundem

214 601 333 677 Verbis,
350 618 423 679 quae
436 599 533 660 timido
544 617 664 678 quoque
675 607 794 676 possent
804 597 909 658 addere
925 607 1065 658 mentem>

215 682 269 763 ‚,1,
287 685 378 762 bone,
395 701 451 764 quo
462 686 551 743 virtus
562 694 608 743 tua
619 693 647 742 te
659 690 758 757 vocet,
773 683 784 741 i
799 681 874 760 pede
885 682 991 757 fausto,

214 765 357 845 „Grandia
367 767 473 828 latums
484 769 645 827 meritorum
657 763 793 844 praemia!
806 810 814 826 .
825 809 849 825 ..
862 764 938 838 Quid
949 764 1051 826 stasi“
1080 825 1082 829 ,

213 850 281 912 Post
290 853 361 912 haec
372 852 421 911 ille
436 862 528 928 catus,
547 852 721 929 quantumvis
732 851 871 925 rusticus,
894 847 984 925 „Ibin

152 935 193 1000 40
213 934 292 1012 „Ibit
304 954 357 1014 eo,
375 951 432 1014 quo
443 939 503 1011 vis,
517 938 564 1013 qni
575 951 674 994 nonam
686 933 850 1011 perdidit‚“
867 934 966 1012 inquit.

213 1019 320 1079 Romae
330 1022 427 1080 nutriri
437 1021 504 1079 mihi
516 1020 632 1094 contigit
644 1026 728 1095 atque
740 1016 848 1092 doceri,
928 1080 931 1087 ,

213 1101 302 1166 Iratus
313 1102 403 1163 Graiis
415 1111 544 1180 qnantum
554 1103 699 1160 nocuisset
711 1100 848 1160 Achilles.
961 1161 964 1164 ⁴

213 1186 355 1246 Adiecere
365 1186 456 1246 bonae
468 1185 562 1262 paullo
574 1184 639 1264 plus
651 1187 718 1244 ertis
729 1183 868 1260 Athenae,

214 1270 330 1329 Scilicet
343 1279 584 1344 utpossemcurvo
598 1268 767 1346 dignoscere
778 1277 897 1343 rectum,
1009 1296 1011 1299 v

153 1351 192 1414 45
214 1353 307 1431 Atque
318 1355 390 1412 inter
401 1353 486 1413 silvas
498 1353 632 1413 Academi
645 1370 782 1430 quaerere
792 1369 899 1410 verum.

212 1436 288 1500 Dure
300 1437 353 1497 sed
362 1452 495 1497 emovere
504 1438 570 1497 loco
581 1455 626 1496 me
640 1446 768 1514 tempora
778 1445 869 1513 grato,

213 1520 368 1600 civilisque
380 1522 477 1581 rudem
489 1521 558 1582 belii
569 1520 632 1580 tulit
642 1530 738 1581 aestus
748 1521 776 1579 in
788 1537 873 1596 erma,

212 1603 341 1665 Caesaris
353 1605 472 1684 Augusti
483 1624 539 1666 non
549 1621 720 1686 responsura
730 1603 854 1664 lacertis.

210 1687 291 1748 Unde
302 1690 383 1749 simul
395 1692 512 1767 primum
522 1709 567 1748 mc
579 1689 709 1748 dimisere
719 1680 851 1765 eurippi,

150 1772 191 1836 50
211 1771 324 1833 Decisis
334 1773 464 1834 humilem
475 1775 576 1852 pennis
587 1775 758 1850 inopemque
768 1774 878 1848 paterni

209 1854 246 1916 Et
256 1854 333 1917 Loris
345 1866 374 1916 et
384 1857 461 1916 iundi
475 1865 626 1935 paupertas
637 1855 746 1932 impulit
752 1854 855 1931 audax,

209 1938 247 1999 Ut
256 1958 355 2000 versus
367 1940 498 1998 iacerem.
526 1939 599 2014 Sed,
616 1938 691 2016 quod
702 1956 758 1999 non
770 1939 859 2015 desit,
874 1940 1023 2002 habentem

212 2021 292 2094 Quae
303 2031 434 2099 potemnt
448 2040 568 2101 unquam
580 2025 647 2082 setis
660 2039 819 2100 expurgare
831 2025 952 2102 cicutae,

209 2103 245 2164 Ni
260 2106 325 2164 meli
347 2125 360 2165 s
372 2104 493 2164 dormire
504 2114 599 2183 putem
612 2125 693 2184 quarn
706 2108 832 2166 scribere
842 2108 970 2170 versus?

149 2185 188 2248 55
209 2125 371 2267 Singulaffle
382 2189 465 2249 nobis
476 2191 539 2250 enni
551 2190 720 2268 praedentur
731 2200 844 2250 euntes:
1023 2264 1027 2269 Ι

208 2271 345 2352 Eripuere
357 2276 454 2349 iocos,
467 2291 618 2350 venerem,
639 2276 783 2349 convivia,
803 2274 914 2345 ludum;
991 2286 995 2292 '

209 2355 336 2417 Tendunt
347 2367 517 2436 extorquere
529 2365 675 2435 poemate:
691 2358 758 2437 qnid
771 2359 870 2419 fecium
881 2359 948 2420 ris⁹

206 2438 337 2520 Denique
347 2460 403 2502 non
415 2459 512 2502 omnes
525 2442 623 2502 eadem
634 2444 764 2502 mirentur
775 2452 922 2522 amantque

209 2522 337 2584 Carmine
351 2535 380 2585 tu
391 2525 514 2604 gaudes,
531 2526 577 2585 bic
590 2525 744 2586 delectetur
754 2527 865 2602 iiimbis,

128 2628 131 2639 ·
145 2607 185 2668 60
205 2606 257 2667 Ille
268 2608 383 2670 Bioneis
394 2610 569 2671 sermonibus
582 2620 611 2670 et
623 2609 683 2669 sale
694 2613 786 2688 nigro.
888 2671 891 2677 ,

207 2690 276 2751 Tres
287 2694 354 2753 mibi
367 2697 503 2755 convivae
514 2713 605 2774 prope
616 2693 765 2754 dissentire
776 2693 915 2773 videntur,

204 2773 359 2836 Poscentes
371 2781 449 2838 vario
461 2779 576 2839 multum
588 2779 699 2839 diversa
710 2779 813 2856 palato.

205 2857 281 2932 Quid
292 2858 376 2920 dem?
395 2862 462 2941 quid
475 2880 532 2923 non
543 2861 627 2923 dem?
643 2865 738 2923 renuis
755 2872 800 2939 tu,
819 2864 895 2940 quod
909 2865 988 2926 iubet
1002 2865 1078 2934 altem

61 3016 64 3021 1
205 2941 390 3021 Quodpetis,
408 2945 437 3004 id
451 2965 519 3006 sane
531 2957 575 3008 est
586 2949 705 3007 invisum
717 2947 883 3026 acidumque
895 2949 1015 3011 duobus.

143 3024 183 3087 65
204 3024 320 3086 Praeter
335 3037 445 3104 cetera,
462 3048 507 3088 me
519 3030 662 3090 Romaene
676 3039 807 3108 poemate
819 3049 921 3094 censes

171 3107 174 3112 '
204 3107 336 3171 Scribere
349 3129 437 3188 posse
451 3113 524 3171 inter
534 3122 575 3172 tot
590 3131 671 3173 curas
684 3125 783 3193 totque
797 3115 933 3178 labores?

204 3190 260 3252 Hic
270 3209 404 3270 sponsum
414 3203 515 3269 vocat,
533 3196 579 3254 bic
590 3197 711 3256 auditum
724 3203 828 3277 scripta
839 3201 947 3261 relictis

25 3268 28 3277 '
229 3275 339 3336 mnibus
352 3277 471 3348 officiis;
487 3279 570 3338 cubat
581 3279 627 3339 hic
638 3280 667 3339 in
679 3281 754 3341 colle
768 3283 888 3361 Quirini,

61 3275 392 3639 Λοιῑτοιιο
404 3364 432 3422 in
443 3362 598 3439 Aventino,
614 3363 748 3426 visendus
760 3377 894 3446 uterque:
