2266 3878
46 279 142 356 [Epist.
158 279 195 355 a]
406 351 407 354 Ν
429 277 538 338 urana
556 278 592 338 u.

43 428 79 490 itt
88 431 221 489 iuvenum
233 431 287 489 ritu
298 429 399 490 llorent
410 432 494 492 modo
507 441 569 491 nata
579 433 743 509 vigentque.

43 512 187 574 Debemur
197 515 279 573 morti
291 532 342 573 nos
355 525 518 594 nostraque.
544 516 610 575 Sive
620 525 755 593 receptus

43 597 130 657 Terra
140 595 290 675 Neptunus
303 597 410 658 classes
422 600 608 678 Aquilonibus
620 608 708 676 arcet,

43 682 133 760 Regis
146 697 236 759 opus,
253 682 413 761 sterilisque
428 683 475 744 diu
487 682 567 760 palus
578 691 699 761 aptaque
711 685 795 743 remis

42 766 157 825 Vicinas
169 765 254 825 urbes
269 754 318 826 alit
329 777 358 826 et
368 770 551 844 grave‘sentit
562 776 692 841 aratrum,

43 852 100 909 Seu
113 867 227 909 cursum
237 852 353 910 mutavit
363 853 488 929 iniquum
499 851 627 928 frugibus
639 852 737 924 amnis,

41 934 152 994 Doctus
170 934 350 1003 itermelius;
367 935 493 996 mortalia
504 935 577 994 iacta
591 936 744 1012 peribunt:=
788 974 791 978 ι

42 1017 153 1077 Nedum
174 1035 332 1078 sermonum
344 1028 399 1079 stet
408 1020 500 1080 honos
512 1027 540 1078 et
550 1021 640 1096 gratia
649 1021 741 1078 vivax.

42 1101 130 1161 lllulta
142 1112 324 1162 renascentur
335 1122 407 1181 quae
419 1107 472 1163 iam
485 1103 632 1178 cecidere,
653 1102 810 1180 cadentque

44 1184 124 1258 Quae
137 1204 211 1246 nunc
223 1195 286 1244 sunt
299 1188 326 1245 ia
338 1188 446 1246 honore
462 1186 614 1261 vocabula,
631 1187 655 1244 si
667 1185 745 1245 volet
756 1205 835 1262 usus,

44 1269 136 1341 Quem
148 1287 237 1346 penes
249 1270 390 1330 arbitrium
403 1280 447 1329 est
458 1279 486 1328 et
497 1274 540 1327 ius
552 1279 580 1328 et
591 1288 686 1329 norma
698 1269 841 1347 loquendi.
871 1300 873 1305 ,

43 1352 102 1412 Res
114 1362 215 1429 gestae
226 1372 382 1432 regumque
394 1353 551 1429 ducumque
563 1361 590 1410 et
605 1354 694 1412 tristia
706 1353 782 1413 bella

45 1436 110 1509 Quo
124 1437 215 1496 scribi
226 1446 344 1514 possent
355 1453 490 1512 numero,
506 1438 669 1494 monstravit
679 1435 828 1496 Homerus.

43 1520 181 1580 Versibus
193 1522 337 1599 impariter
347 1522 449 1580 iunctis
462 1520 635 1598 querimonia
645 1521 773 1595 primum,

43 1602 111 1663 Post
123 1606 206 1663 etiam
217 1604 324 1664 inclusa
336 1612 380 1663 est
390 1606 448 1664 voti
463 1604 599 1663 sententia
611 1619 745 1679 compos;

44 1687 115 1762 Quis
126 1697 219 1748 tamen
235 1691 354 1765 exiguos
367 1688 466 1766 elegos
481 1688 604 1746 emiserit
615 1696 723 1763 auctor,

44 1769 220 1831 Grammatici
233 1781 340 1831 certant
351 1781 379 1831 et
390 1772 480 1831 adbuc
491 1772 543 1831 sub
555 1770 648 1830 iudice
660 1771 694 1829 lis
707 1779 759 1833 est.

43 1854 244 1915 Archilochum
257 1858 373 1932 proprio
386 1857 480 1923 rabies
492 1857 607 1915 armavit
619 1855 726 1919 iambo:

43 1937 123 1998 Hunc
137 1942 215 1997 socci
228 1958 333 2017 cepere
345 1940 446 2017 pedem
458 1939 635 2018 grandesque
648 1939 786 2014 cotbumi‚

43 2021 167 2081 ditemis
181 2033 274 2099 aptum
286 2025 460 2084 sermonibus
472 2034 501 2085 et
511 2023 664 2102 populares

45 2105 208 2165 Vincentem
219 2110 352 2185 strepitus
364 2118 393 2167 et
407 2118 499 2168 natum
508 2109 594 2167 rebus
606 2106 736 2186 agentia

43 2187 123 2248 blusa
137 2188 214 2250 dedit
225 2190 326 2249 fidibus
337 2190 418 2250 divos
431 2208 593 2268 puerosque
605 2191 730 2265 deorum,

43 2271 78 2332 ur
89 2273 215 2350 pugilem
226 2276 363 2333 victorem
375 2284 403 2333 et
414 2292 516 2351 equum
527 2275 678 2333 certamine
689 2275 816 2359 primum²

43 2355 79 2416 llt
90 2359 221 2416 iuvenum
233 2376 313 2417 curas
326 2365 354 2416 et
365 2357 454 2416 libera
464 2358 528 2415 vina
541 2356 659 2415 referre.

42 2439 209 2517 Descriptas
220 2459 334 2500 servare
344 2442 424 2499 vices
435 2457 609 2517 operumque
621 2437 745 2513 colores,

44 2523 101 2584 Gur
113 2541 188 2601 ego,
211 2526 235 2583 si
246 2541 359 2602 nequeo
371 2526 546 2601 ignoroque,
563 2530 649 2600 poeta
661 2517 788 2580 salutar?

44 2605 101 2667 Gur
111 2609 224 2667 nescire
235 2608 343 2686 pudens
356 2624 441 2684 prave
455 2625 536 2684 quam
552 2608 662 2665 discere
674 2605 746 2664 malo
755 2601 769 2663 ‘l

42 2691 180 2750 Versibus
193 2694 297 2768 exponi
311 2693 426 2768 tragicis
441 2708 488 2749 res
501 2692 610 2749 comica
619 2706 675 2748 non
686 2688 757 2765 vult;

43 2773 205 2852 Indignatur
216 2777 284 2834 item
295 2776 411 2851 privatis
422 2792 456 2832 ac
468 2788 559 2850 prope
571 2789 658 2832 socco

42 2856 143 2936 Dignis
156 2858 322 2916 carminibus
333 2859 436 2917 narrari
447 2874 536 2916 coena
550 2855 699 2932 Thyestae.
791 2839 798 2859 ’

43 2939 159 3019 Singula
173 2958 303 3018 quaeque
314 2940 409 2999 locum
420 2949 533 3000 teneant
544 2943 641 3000 sortita
654 2940 796 2998 decenter.

41 3023 184 3084 interdum
195 3033 288 3097 tamen
300 3034 328 3083 ct
339 3042 440 3084 vocem
453 3024 600 3085 comoedia
612 3023 695 3100 toltit,

41 3107 190 3185 iratusque
203 3106 339 3167 Chremes
354 3108 459 3168 tumido
471 3107 597 3187 delitigat
609 3125 674 3176 ore;

41 3190 78 3250 Et
89 3193 213 3268 tragicus
225 3191 392 3271 plerumque
408 3192 486 3252 dolet
497 3209 626 3253 sermone
642 3191 766 3271 pedestri

42 3273 186 3351 'lelepbus
201 3282 229 3334 et
239 3274 359 3353 Peleus,
377 3294 439 3337 cum
452 3294 560 3355 pauper
571 3286 599 3335 et
611 3274 691 3335 exsul
703 3283 822 3350 uterque

41 3355 157 3417 Proiicit
169 3359 305 3437 ampullas
318 3370 345 3419 et
356 3359 566 3439 sesquipedalia
576 3359 672 3434 verba,

946 278 1004 341 aot

1043 353 1063 402 xl
