2266 3878
96 285 267 365 uret-lto
513 288 667 353 uuunu
998 294 1060 361 aar

77 438 203 516 bisce,
221 436 365 498 docendus
376 438 467 499 adbuc
478 458 551 518 quae
565 450 664 501 censet
675 443 828 522 amiculus,
844 454 874 506 ut
884 449 908 506 si

94 521 208 591 Caecus
222 523 277 582 iter
286 531 441 582 monstrare
452 523 534 593 velit3
549 559 587 569 -
598 534 690 585 tamen
701 524 836 605 adspice,
853 531 877 590 si
887 530 953 610 quid

92 606 130 668 Et
140 625 211 682 nos,
229 605 305 684 quod
317 623 400 666 cures
415 609 558 684 proprium
569 607 689 685 iecisse,
708 609 863 688 loquamur.
1037 617 1056 680 ὁ

93 691 125 751 Si
135 699 165 750 te
176 698 257 768 grata
271 691 353 768 quies
365 698 394 749 et
404 693 519 767 primam
530 707 644 750 somnus
659 693 688 750 in
698 692 795 754 boram

92 773 241 849 Delectat,
258 774 282 833 si
293 782 323 833 te
334 772 425 850 pulvis
437 775 627 852 strepitusque
637 784 770 853 rotarum,

93 858 125 918 si
136 856 224 918 laedit
236 871 379 934 caupona:
398 854 577 916 Ferentinum
589 860 630 917 ire
640 859 761 918 iubebo:

92 940 163 1002 Nam
174 958 269 1019 neque
280 939 410 999 diuitibus
423 941 587 1018 contingunt
597 941 698 1019 gaudia
709 942 791 1020 solis,

92 1023 235 1085 Necvixit
248 1022 335 1098 male,
352 1024 490 1101 minutus
503 1027 684 1104 moriensque
695 1024 807 1087 fefollit.
865 1052 869 1069 =
1012 1031 1054 1094 10

92 1108 122 1168 Si
136 1107 276 1186 prodesse
288 1107 344 1166 tuis
358 1105 502 1185 pauloque
516 1109 665 1187 benignius
677 1111 770 1187 ipsum

92 1188 373 1252 Tetraotarevoles:
395 1189 516 1249 accedes
531 1193 626 1252 siccus
637 1192 804 1253 adunctum.

91 1274 179 1354 Πίος.
195 1273 250 1350 „Si
262 1272 411 1350 pranderet
423 1271 485 1332 olus
498 1276 652 1353 patienter,
668 1277 784 1354 regibus
795 1277 836 1336 oti
902 1314 904 1319 ·
935 1328 938 1335 .

92 1355 419 1436 „Nolletdristippus.“
440 1353 535 1417 Arist·
546 1357 602 1433 „Si
613 1360 700 1418 sciret
710 1361 826 1437 regibus
838 1362 889 1439 uti,

91 1440 265 1519 „Fastidiret
276 1439 355 1513 olus,
372 1442 420 1519 qui
430 1458 476 1499 me
490 1442 603 1500 notat.“
624 1440 720 1501 Utrius
731 1442 831 1503 borum
1012 1447 1051 1510 15
1065 1432 1068 1437 ⁴

90 1525 184 1584 Verba
194 1524 301 1603 probes
313 1532 342 1583 et
352 1523 441 1600 iacta,
460 1522 549 1600 doce,
563 1523 611 1583 uel
621 1527 712 1584 iunior
724 1525 798 1602 audi,

91 1607 147 1669 llur
156 1609 194 1668 sit
203 1607 339 1686 Aristippi
354 1609 448 1685 potior
457 1610 604 1667 sententia·
625 1607 754 1688 Namque

89 1691 250 1753 Mordacem
265 1689 401 1767 Cynicum
412 1693 455 1750 sic
466 1689 613 1769 eludebat,
631 1700 661 1750 ut
671 1694 761 1751 aiunt:

89 1776 234 1854 „Scurror
245 1791 300 1853 ego
311 1776 375 1852 ipse
385 1775 467 1851 mibi,
487 1774 593 1852 populo
604 1784 648 1835 tu:
659 1777 764 1834 uectium
776 1775 831 1835 hoc
843 1783 873 1834 et

87 1857 295 1939 „splendidius
306 1856 393 1917 multo
408 1865 462 1918 est.
483 1856 582 1937 Equus
592 1868 623 1918 ut
634 1877 679 1918 me
691 1867 793 1936 portet,
809 1857 936 1937 alatrex,
1009 1862 1051 1924 20

88 1944 245 2022 „Officium
255 1943 344 2012 facim
359 1951 390 2002 tu
402 1943 500 2020 poscis
513 1942 581 2004 vilia
593 1960 697 2019 rerum,

88 2028 203 2105 „Dante
214 2029 321 2102 minor,
337 2028 463 2104 quamvis
479 2025 538 2085 iers
551 2035 581 2086 te
595 2027 697 2087 nullius
709 2027 875 2105 egentem.“

89 2111 184 2172 Omnis
195 2109 370 2188 Aristippum
379 2109 476 2169 decuit
487 2109 568 2169 color
578 2119 607 2171 et
617 2120 705 2171 status
717 2119 745 2171 et
755 2128 814 2187 res,
944 2150 949 2163 ,

87 2194 251 2256 'lectantem
260 2196 383 2268 maiora,
399 2192 462 2275 fere
473 2195 669 2271 praesentibus
681 2212 810 2272 acquum.

87 2278 206 2355 Contra,
221 2295 304 2357 quem
315 2275 420 2354 duplici
432 2293 524 2353 panno
534 2277 668 2354 patientia
677 2275 764 2353 velat,
1005 2275 1046 2341 25
1088 2285 1091 2295 ’

86 2362 224 2438 llirabor,
242 2363 316 2421 vitae
327 2362 373 2420 via
383 2361 409 2419 si
424 2376 561 2419 conuersa
571 2358 694 2418 decebit.
831 2394 836 2401 ·

86 2447 166 2509 Alter
178 2462 348 2525 purpureum
360 2461 416 2504 nou
427 2443 604 2521 exspectabit
613 2445 753 2517 amictum,

87 2529 232 2606 Quidlibet
242 2528 353 2590 indutus
365 2528 549 2589 celeberrima
560 2543 613 2605 per
623 2526 688 2585 loca
697 2524 791 2601 vadet,

85 2613 295 2693 Personamque
306 2611 379 2673 ieret
389 2628 445 2672 nou
455 2612 638 2671 inconcinnus
651 2618 812 2687 utramque;

84 2698 166 2759 Alter
177 2696 268 2757 bllleti
278 2703 382 2757 textam
394 2714 463 2758 cane
474 2697 555 2774 peius
571 2703 601 2754 et
610 2695 693 2771 angui
1002 2694 1045 2755 80

84 2782 191 2843 Vitabit
201 2780 390 2858 chlamydem,
408 2782 541 2840 morietur
551 2777 673 2855 frigore,
690 2778 782 2835 sinon

85 2865 229 2928 lietuleris
241 2882 370 2945 pannum.
392 2864 481 2924 Refer
493 2870 521 2923 et
533 2858 818 2936 sinerivatineptus!

84 2949 143 3011 Res
154 2967 257 3028 gerere
271 2958 299 3009 et
310 2957 408 3029 captos
420 2945 572 3006 ostendere
583 2945 691 3005 civibus
702 2945 810 3021 bootes,

84 3028 719 3113 Attinqitscliumlorisotcoelestiatentut:.
774 3080 776 3085 .

83 3116 260 3197 Principibus
272 3117 414 3196 placuisse
422 3115 491 3174 viris
505 3113 666 3175 nonultima
679 3113 739 3172 laus
751 3119 828 3171 est.-
1000 3109 1041 3172 35

84 3200 149 3262 Non
160 3202 249 3261 cuivis
258 3203 363 3263 bomini
375 3199 510 3278 contingit
520 3198 598 3259 adire
609 3195 780 3258 Corinthum.

85 3284 165 3345 Sedit
177 3285 225 3364 qui
236 3287 340 3362 timuit,
354 3303 392 3345 ne
401 3297 458 3344 non
468 3282 650 3343 succederet:
663 3289 735 3340 esto.

87 3367 177 3447 Quid,
193 3365 405 3449 quiperrcnitt
426 3361 692 3429 llccitueririliter‘l
713 3360 798 3440 Atqui

823 3435 880 3500 tu*
