2266 3878
55 271 164 392 :scrop
277 220 281 230 ¹
335 249 341 260 ‘
418 273 529 334 nunna
544 273 567 334 1.
923 275 985 341 not

91 492 97 497 ,
111 425 162 489 list
174 427 313 487 brevitate
328 443 417 504 opus,
434 435 466 486 ut
478 435 570 486 currat
580 429 719 487 sententia
733 445 834 489 nense

96 508 248 589 inpediat
258 511 353 570 verbis
365 510 454 570 lassae
467 508 647 570 onerantibus
658 529 751 587 aures,
944 517 984 579 10

109 593 146 654 llt
155 610 290 654 sermone
306 609 379 672 opus
393 602 438 654 est
452 594 535 654 modo
549 596 632 669 tristi,
645 613 733 673 saepe
744 597 857 673 iocoso,
880 615 883 625 ¹

109 676 288 738 Defendente
298 680 390 737 vicem
402 677 486 737 modo
497 679 619 738 rhetoris
632 687 715 755 atquc
726 687 842 757 poetae,

109 759 250 822 Interdum
261 761 372 837 urbani,
386 763 527 839 parcentis
539 762 645 821 viribus
657 770 742 840 atque
883 836 886 840 Ι

108 843 291 905 Extenuantis
303 862 352 904 eas
363 844 503 904 consulto.
525 844 684 904 Ridiculum
694 847 752 906 acri

108 926 220 992 Fortius
232 935 261 987 et
271 927 371 988 melius
381 947 495 1006 magnas
507 928 671 1006 plerumque
682 938 762 989 secat
772 944 830 990 res.
943 933 982 995 15

107 1010 168 1088 Illi,
181 1013 288 1089 scripta
299 1012 401 1089 quibus
414 1012 562 1072 comoedia
576 1015 671 1090 prisca
680 1015 748 1072 viris
759 1022 814 1090 est,

107 1094 169 1155 lloc
178 1095 298 1171 stabant,
310 1095 366 1153 hoc
377 1104 440 1155 sunt
451 1095 585 1165 imitandl;
601 1113 673 1174 quos
683 1114 777 1174 neque
788 1097 906 1175 pulcher

107 1178 302 1256 Hermogenes
314 1197 434 1256 unquam
446 1177 533 1259 legit,
546 1181 645 1257 neque*
654 1182 751 1238 simius
765 1183 836 1257 iste,

107 1261 153 1323 llil
166 1271 280 1342 praeter
291 1261 408 1323 Calvum
422 1272 450 1322 et
462 1262 562 1321 doetus
575 1272 686 1323 cantare
697 1261 845 1323 Catullum.

108 1345 176 1416 §At
190 1364 319 1423 magnum
330 1345 415 1421 iecit,
434 1346 511 1424 quod
521 1346 616 1404 verbis
632 1345 739 1406 Graeca
753 1347 857 1407 Latinis
884 1339 905 1415 ¹,
941 1350 982 1412 20

107 1429 230 1490 lliscuit.
252 1429 307 1505 50
319 1432 375 1489 seri
387 1429 559 1505 studiorum,
578 1431 663 1507 quine
678 1433 782 1507 putetis
902 1468 912 1496 .

107 1512 232 1574 Difficile
243 1522 272 1573 et
282 1515 396 1589 mirum,
410 1513 521 1572 Rhodio
536 1513 613 1590 qnod
623 1511 793 1574 Pitholeonti

109 1594 255 1675 Contigit?
274 1595 341 1666 yzit
352 1613 444 1656 sermo
457 1597 551 1673 lingua
563 1599 717 1655 concinnus
729 1607 846 1675 utraque

106 1681 235 1757 Suavior,
251 1689 281 1740 ut
292 1678 363 1740 Gluio
378 1690 443 1741 nota
456 1683 479 1739 si
491 1682 640 1739 commixta
650 1678 760 1739 Falerni
776 1690 830 1740 est.

105 1762 308 1835 §Gumversus
321 1764 421 1839 iacias,
429 1772 458 1823 te
469 1767 561 1842 ipsum
573 1773 735 1841 percontor,
747 1783 782 1823 an
794 1773 897 1824 etcum
940 1769 979 1828 25

105 1847 181 1907 Dura
191 1847 243 1906 tihi
253 1848 416 1925 peragenda
427 1850 469 1907 rei
483 1850 520 1906 sit
532 1866 616 1906 causa
627 1845 739 1907 Petilli?

92 1927 223 1991 '‘Scilicet
237 1931 342 1990 oblitus
353 1933 518 2009 patriaeque
531 1933 691 2009 patrisque,
711 1931 808 1991 Latine

107 2013 175 2074 cum
186 2014 292 2074 Pedius
303 2032 403 2075 causas
419 2015 538 2075 exsudet
549 2015 698 2094 Poplicola
706 2025 789 2095 atque
826 2055 832 2067 ι

69 2125 71 2130 ·
108 2096 262 2174 Corvinus,
278 2101 376 2176 patriis
386 2100 580 2159 intermiscere
592 2102 678 2177 petita

106 2179 198 2241 Verba
209 2182 279 2241 loris
290 2181 382 2257 malis,
395 2181 527 2243 Canusini
538 2200 618 2242 more
631 2180 785 2259 bilinguis?
938 2187 980 2249 30

107 2264 199 2343 Atque
210 2283 267 2343 ego
281 2280 346 2325 cum
353 2265 478 2327 Graecos
489 2266 624 2342 lacerem,
636 2275 716 2325 natus
727 2284 803 2325 mare
815 2268 894 2343 citra,

106 2347 287 2425 Versiculos,
303 2353 393 2410 vetuit
404 2368 450 2409 me
465 2349 513 2410 toli
526 2367 600 2408 voce
613 2349 757 2424 Quirinus,

107 2429 173 2492 Post
187 2433 307 2493 mediam
317 2443 430 2494 noctem
441 2435 536 2508 visus,
554 2451 617 2492 cum
627 2435 735 2492 somnia
748 2441 838 2494 vera:-

107 2514 161 2592 „ln
172 2515 272 2575 silvam
284 2534 341 2576 non
352 2517 427 2595 ligno
438 2517 513 2576 ieras
524 2518 665 2592 insanius,
678 2518 749 2575 acsi

107 2598 246 2676 „llagnas
258 2596 428 2660 Graecorum
438 2601 519 2660 malis
531 2599 649 2679 implere
662 2604 824 2660 catervas.“
939 2602 979 2668 36

107 2681 245 2760 Turpidus
255 2682 374 2760 Alpinus
387 2684 492 2761 iugulat
504 2682 568 2742 (lum
579 2682 726 2742 llemnona
741 2682 862 2763 dumque

105 2764 230 2843 Delingit
241 2767 331 2826 Rheni
343 2766 447 2826 luteum
460 2776 559 2844 eaput,
572 2767 644 2826 haec
656 2784 711 2844 ego
724 2766 801 2842 ludo,

106 2847 187 2921 Quae
197 2868 292 2927 neque
304 2851 332 2908 in
347 2850 418 2909 aede
430 2859 531 2909 sonent
542 2853 677 2910 certantia
687 2849 782 2910 iudice
793 2849 894 2931 Tarpa,

106 2930 166 2990 Nec
174 2931 292 3005 redeam
303 2934 402 2992 iterum
413 2944 496 3012 atque
506 2936 605 2993 iterum
616 2933 769 3011 spectanda
777 2935 902 2997 theatris.
961 2938 964 2943 '

105 3014 212 3092 Arguta
223 3017 373 3075 meretrice
385 3027 467 3094 potes
477 3016 617 3095 Davoque
630 3016 778 3079 Chremeta
938 3016 980 3079 lo

103 3096 243 3158 Eludante
255 3117 352 3158 senem
364 3103 453 3159 comis
463 3103 571 3178 garrire
582 3100 696 3160 libellos

102 3179 182 3242 Unus
196 3185 342 3258 vivorum,
355 3182 493 3252 Fundani;
505 3183 595 3242 Pollio
606 3204 704 3262 regum

104 3261 190 3324 Facta
202 3267 275 3325 cauit
287 3266 360 3344 pede
371 3276 415 3326 ter
426 3284 578 3345 percusso;
601 3267 674 3326 forte
690 3283 762 3347 epos
774 3286 851 3344 acer,

104 3344 141 3405 Ut
151 3365 253 3424 nemo,
268 3349 370 3409 Varius
379 3350 472 3418 ‹lucitz
485 3349 573 3410 molle
584 3358 669 3427 atque
681 3350 804 3410 facetum
996 3429 1065 3640 t
