2266 3878
70 276 201 363 [utcu]
295 266 305 282 ’
449 277 559 338 amsa
571 277 594 338 1.
949 246 1017 342 15³³

130 431 277 510 „blembra
293 431 470 509 animumque
482 439 574 508 tuum,
598 431 678 490 nabis
701 432 761 489 sine
784 432 932 492 certicef‘*
949 435 1010 498 120

703 513 751 572 Sic
762 532 807 573 me

126 598 278 661 Formabat
295 616 411 676 puemm
427 597 526 673 dictis,
551 606 580 656 et
592 599 652 655 sive
666 597 790 674 iubebat,

124 684 164 746 llt
188 683 314 743 iacerem
338 681 419 759 quid:
444 680 562 755 „Habes
585 689 744 757 auctorem,
768 681 925 761 quoiacias
950 734 953 745 .

693 764 804 838 boc‚“·

124 849 217 911 linum
233 867 269 908 ex
285 848 425 908 iudicibus
437 847 552 906 selectis
564 847 716 907 obiiciebat
723 870 730 916 ;
742 879 753 892 ·

126 933 194 993 Sive
204 932 330 992 vetabat:
343 930 412 1006 „Au
423 931 478 990 boc
489 931 666 996 inhonestum
680 940 708 989 et
719 931 816 990 inutile
827 931 903 991 iactu

126 1015 249 1093 „Necne
262 1017 299 1075 sit
313 1014 477 1089 addubites,
489 1014 589 1092 flagret
599 1031 712 1073 rumore
723 1014 796 1074 malo
808 1032 871 1075 cum
946 1017 1005 1080 125

126 1097 203 1175 „llic
215 1107 301 1177 atque
311 1095 405 1158 ille?“
421 1097 529 1157 Avidus
543 1099 665 1157 vicinum
680 1097 763 1158 funus
774 1107 804 1157 ut
820 1115 923 1177 aegros

124 1181 285 1257 Exanimat,
298 1184 454 1259 mortisque
466 1189 541 1240 metu
554 1180 608 1241 sibi
620 1198 738 1259 parcere
753 1183 847 1259 cogit:

126 1266 174 1324 Sic
184 1275 300 1326 teneros
311 1267 419 1324 animos
430 1264 522 1324 aliena
533 1265 687 1344 opprobria
698 1282 786 1342 saepe

124 1348 292 1409 Absterreut
301 1350 387 1408 vitiis.
431 1347 476 1408 Ex
488 1349 543 1407 boc
556 1365 612 1425 ego
624 1366 707 1408 sanus
720 1349 754 1408 ab
767 1348 834 1426 illis,

124 1430 281 1492 Pemiciem
293 1449 480 1510 quaecuuque
491 1431 597 1507 ierunt,
613 1427 803 1491 mediocribus
817 1434 921 1512 etquis
947 1436 1006 1497 130
1020 1463 1025 1473 i

124 1512 262 1592 Ignoscas
273 1516 349 1574 vitiis
361 1524 475 1582 terreum
497 1515 626 1573 fortassis
638 1523 667 1573 et
678 1515 780 1573 isthinc

123 1595 251 1676 lmrgiter
262 1597 409 1658 abstulerit
419 1598 504 1676 longa
516 1607 608 1673 aetas,
621 1597 694 1657 liber
706 1600 823 1675 amicus,

126 1678 280 1742 consilium
303 1683 461 1758 proprium:
483 1683 687 1761 nequeenim,
716 1699 779 1740 cum
801 1681 922 1743 lectidus

700 1774 803 1825 autme

125 1845 252 1909 Porticus
262 1849 386 1925 excepit,
397 1846 495 1908 desum
502 1848 579 1909 mihi.
592 1848 732 1925 „Rectius
741 1849 797 1908 boc
806 1850 920 1910 estl“...

124 1930 430 2009 „llociuciensvivam
441 1931 920 2009 melius!“...„Sicdulcisamicis
945 1935 1002 1997 135
1106 1972 1109 1976 ·

124 2013 300 2091 „Occurram
309 2014 350 2074 !“.
360 2059 383 2074 ..
398 2015 485 2092 „Hoc
496 2016 607 2096 quidam
619 2008 774 2077 nonbellc}
787 2017 920 2096 numquid

692 2100 801 2160 eoilli

123 2178 309 2259 „Imprudens
332 2182 400 2242 olim
421 2183 521 2242 faciam
545 2179 687 2243 similel“
700 2119 742 2242 ,Β
763 2184 841 2244 llaec
863 2201 919 2262 ego

688 2285 798 2326 mecum

124 2345 302 2428 Compressis
315 2350 391 2426 agito
405 2348 505 2417 labris;
520 2350 568 2409 ubi
582 2348 649 2427 quid
661 2349 740 2408 datur
751 2353 801 2427 oti,

123 2428 212 2492 llludo
225 2432 338 2491 chartis.
381 2432 444 2492 Hoc
455 2441 499 2491 est
513 2432 704 2491 mediocribus
715 2432 771 2493 illis

122 2511 455 2584 Exuitiisunum;cuisi
470 2514 724 2592 concederemus,
942 2519 1003 2582 140

123 2595 206 2658 llulte
219 2605 366 2675 poetarum
376 2601 472 2659 veniet
485 2616 598 2675 manus,
614 2598 718 2658 auxilio
731 2617 804 2677 quae

124 2680 164 2740 Sit
174 2681 256 2741 mibi:
271 2700 334 2741 nam
346 2681 432 2741 multo
445 2681 541 2759 plures
554 2699 664 2759 sumus,
680 2699 714 2742 ac
725 2683 812 2742 veluti
823 2692 852 2743 te

123 2760 217 2825 ludaei
233 2780 369 2843 cogemus
384 2766 412 2824 iu
424 2765 495 2825 hanc
510 2765 669 2825 concedere
681 2767 798 2826 turbam.

400 3157 582 3215 sama
601 3159 643 3212 v.
723 3125 753 3151 ”

123 3260 273 3342 Egressum
284 3285 385 3346 magna
396 3269 567 3344 me'excepit
576 3265 670 3325 Aricia
681 3266 770 3326 Roma

123 3344 251 3427 Hospitio
264 3350 392 3427 modico,
409 3351 505 3412 rbetcr
516 3365 613 3409 comes
624 3347 804 3425 Heliodorus,
