2266 3878
487 288 687 352 crunnum
894 293 959 365 [or.
974 291 1057 349 sau

266 444 321 506 Vix
333 464 387 505 nna
401 462 505 523 sospes
516 445 595 504 navis
606 444 640 503 ab
656 442 779 520 ignibus,

267 527 448 607 blentemqne
462 526 797 607 lymphatamllareoticc

319 612 443 690 Redegit
456 615 484 671 in
498 629 585 672 veros
598 614 714 670 timores

372 695 488 773 Caesar,
505 696 540 755 ab
552 693 782 755 ltaliavclantem

167 864 170 868 -
266 820 364 881 Remis
379 819 522 898 adurgens
538 821 697 897 -accipiter
707 817 786 876 velut

266 904 369 966 blolles
382 904 539 980 columbas,
552 911 600 962 aut
607 902 740 982 leporem
753 902 826 963 citus

318 989 444 1050 Venator
457 988 486 1046 in
504 988 611 1064 campis
622 985 723 1047 nivalis

368 1071 573 1148 Haemoniae,
591 1070 670 1131 daret
681 1079 710 1129 nt
725 1071 831 1130 catenis

266 1196 363 1257 Fatale
374 1204 538 1255 monstrum.
561 1194 641 1269 Quae
652 1196 822 1272 generosius

267 1278 363 1340 Perire
376 1297 527 1358 quaerens,
539 1297 593 1338 nec
607 1278 781 1338 muliebriter
872 1275 875 1281 ’

319 1363 441 1441 Expavit
453 1381 560 1440 ensem,
579 1381 633 1435 nec
644 1362 764 1423 latentes

369 1445 469 1507 Classe
481 1449 535 1507 cita
547 1450 687 1526 reparavit
700 1465 775 1507 oras.
875 1442 879 1449 “

201 1583 205 1592 ·
265 1571 343 1632 Ausa
355 1580 383 1632 et
394 1573 533 1633 iacentem
542 1575 637 1632 visere
648 1575 757 1651 regiam

265 1655 351 1716 antn
363 1674 479 1734 sereno,
495 1657 579 1718 fortis
591 1667 620 1717 et
636 1675 752 1735 asperas

316 1739 449 1801 Tractare
461 1751 623 1819 serpentes,
640 1750 670 1800 ut
681 1749 769 1800 atrurn

371 1822 503 1902 Corpore
515 1825 691 1883 combiberet
700 1841 849 1898 venenum,

264 1947 428 2008 Deliberata
438 1957 528 2007 morte
539 1948 679 2018 ferocium

265 2030 366 2091 Saeuis
377 2029 506 2091 Liburnis
518 2031 630 2092 scilicet
640 2033 778 2110 invidens,

316 2112 426 2175 Privata
438 2115 538 2176 deduci
551 2117 677 2195 superbo

369 2197 433 2259 Non
444 2199 557 2260 humilis
567 2201 668 2261 mulier
679 2203 831 2281 triumpho.

440 2429 541 2484 olm
550 2428 757 2484 xxxvlu.

38 2553 46 2565 ²
154 2576 158 2583 .
201 2534 275 2622 Ma
284 2566 326 2625 CL
367 2536 415 2588 Ab
432 2536 588 2591 PUERUM
605 2537 827 2591 MINISTRUM.

315 2646 447 2708 Persicos
460 2648 518 2728 odi,
532 2668 613 2728 puer,
629 2657 791 2727 apparatus,

315 2730 476 2810 Displicent
489 2752 580 2794 nexae
594 2732 704 2810 philyra
715 2747 852 2802 coronae:

315 2813 396 2877 lllitte
407 2820 522 2892 sectari,
537 2831 674 2893 rosaque
688 2813 817 2875 locorum

361 2901 430 2960 Sere
442 2908 576 2960 moretur.

317 3023 445 3102 Simplici
456 3032 547 3099 myrto
558 3024 626 3084 nihil
637 3024 779 3086 allabores

315 3107 437 3168 Sedulus
449 3125 534 3168 cnro:
555 3125 648 3187 neque
659 3118 688 3170 te
699 3112 852 3172 ministrnm

315 3189 447 3251 Dedecet
457 3200 575 3268 myrtus,
590 3211 684 3272 neque
695 3213 741 3257 me
755 3197 807 3256 sub
819 3205 878 3256 arta

358 3274 424 3335 Vite
438 3274 590 3336 bibentem.

531 3440 675 3450 -—--..
