<?xml version="1.0" encoding="UTF-8"?>
<!DOCTYPE html PUBLIC "-//W3C//DTD XHTML 1.0 Transitional//EN"
    "http://www.w3.org/TR/xhtml1/DTD/xhtml1-transitional.dtd">
<html xmlns="http://www.w3.org/1999/xhtml" xml:lang="en" lang="en">
 <head>
  <title>
</title>
<meta http-equiv="Content-Type" content="text/html;charset=utf-8" />
  <meta name='ocr-system' content='tesseract 3.04.00' />
  <meta name='ocr-capabilities' content='ocr_page ocr_carea ocr_par ocr_line ocrx_word'/>
</head>
<body>
  <div class='ocr_page' id='page_1' title='image "./qhoratiiflaccio00schmgoog_0099.png"; bbox 0 0 2266 3878; ppageno 0'>
   <div class='ocr_carea' id='block_1_1' title="bbox 479 260 984 364">
    <p class='ocr_par' dir='ltr' id='par_1_1' title="bbox 479 260 984 364">
     <span class='ocr_line' id='line_1_1' title="bbox 479 260 984 364; baseline -0.018 -31"><span class='ocrx_word' id='word_1_1' title='bbox 479 269 679 364; x_wconf 79' lang='lat' dir='ltr'><strong>onmnnuu</strong></span> <span class='ocrx_word' id='word_1_2' title='bbox 714 302 716 311; x_wconf 69' lang='lat'><em>,</em></span> <span class='ocrx_word' id='word_1_3' title='bbox 865 260 984 346; x_wconf 73' lang='lat' dir='ltr'><strong>[cnm</strong></span> 
     </span>
    </p>
   </div>
   <div class='ocr_carea' id='block_1_2' title="bbox 394 423 891 611">
    <p class='ocr_par' dir='ltr' id='par_1_2' title="bbox 394 423 891 611">
     <span class='ocr_line' id='line_1_2' title="bbox 445 423 707 481; baseline -0.015 0"><span class='ocrx_word' id='word_1_4' title='bbox 445 424 546 481; x_wconf 82' lang='lat' dir='ltr'><strong>omne</strong></span> <span class='ocrx_word' id='word_1_5' title='bbox 566 423 707 479; x_wconf 81' lang='lat' dir='ltr'><strong>mu.</strong></span> 
     </span>
     <span class='ocr_line' id='line_1_3' title="bbox 394 528 891 611; baseline -0.01 -25"><span class='ocrx_word' id='word_1_6' title='bbox 394 533 452 586; x_wconf 84' lang='lat' dir='ltr'><strong>no</strong></span> <span class='ocrx_word' id='word_1_7' title='bbox 489 528 773 611; x_wconf 67' lang='lat' dir='ltr'><strong>euroucsru</strong></span> <span class='ocrx_word' id='word_1_8' title='bbox 887 585 891 592; x_wconf 61' lang='grc'>,</span> 
     </span>
    </p>
   </div>
   <div class='ocr_carea' id='block_1_3' title="bbox 245 642 820 974">
    <p class='ocr_par' dir='ltr' id='par_1_3' title="bbox 245 642 820 974">
     <span class='ocr_line' id='line_1_4' title="bbox 247 642 820 724; baseline -0.016 -16"><span class='ocrx_word' id='word_1_9' title='bbox 247 645 338 709; x_wconf 78' lang='lat' dir='ltr'><strong>Coelo</strong></span> <span class='ocrx_word' id='word_1_10' title='bbox 351 647 466 724; x_wconf 89' lang='lat' dir='ltr'><strong>supinas</strong></span> <span class='ocrx_word' id='word_1_11' title='bbox 479 646 503 704; x_wconf 91' lang='lat' dir='ltr'><strong>si</strong></span> <span class='ocrx_word' id='word_1_12' title='bbox 515 642 613 704; x_wconf 86' lang='lat' dir='ltr'><strong>tuleris</strong></span> <span class='ocrx_word' id='word_1_13' title='bbox 629 660 727 702; x_wconf 89' lang='lat' dir='ltr'><strong>manus</strong></span> <span class='ocrx_word' id='word_1_14' title='bbox 749 668 750 673; x_wconf 42' lang='lat'>¹</span> <span class='ocrx_word' id='word_1_15' title='bbox 818 681 820 688; x_wconf 28' lang='grc' dir='ltr'><strong><em>ι</em></strong></span> 
     </span>
     <span class='ocr_line' id='line_1_5' title="bbox 245 724 745 804; baseline -0.016 -12"><span class='ocrx_word' id='word_1_16' title='bbox 245 730 388 792; x_wconf 87' lang='lat' dir='ltr'><strong>Nascente</strong></span> <span class='ocrx_word' id='word_1_17' title='bbox 399 726 485 804; x_wconf 81' lang='lat' dir='ltr'><strong>buna,</strong></span> <span class='ocrx_word' id='word_1_18' title='bbox 498 729 604 787; x_wconf 90' lang='lat' dir='ltr'><strong>rustica</strong></span> <span class='ocrx_word' id='word_1_19' title='bbox 618 724 745 802; x_wconf 75' lang='lat' dir='ltr'>Phidyle,</span> 
     </span>
     <span class='ocr_line' id='line_1_6' title="bbox 298 809 702 889; baseline -0.007 -15"><span class='ocrx_word' id='word_1_20' title='bbox 298 814 328 874; x_wconf 87' lang='lat' dir='ltr'><strong>Si</strong></span> <span class='ocrx_word' id='word_1_21' title='bbox 340 809 423 873; x_wconf 84' lang='lat' dir='ltr'><strong>thure</strong></span> <span class='ocrx_word' id='word_1_22' title='bbox 437 811 558 889; x_wconf 81' lang='lat' dir='ltr'><strong>placaris</strong></span> <span class='ocrx_word' id='word_1_23' title='bbox 571 819 600 869; x_wconf 89' lang='lat' dir='ltr'><strong>et</strong></span> <span class='ocrx_word' id='word_1_24' title='bbox 613 811 702 871; x_wconf 89' lang='lat' dir='ltr'><strong>borna</strong></span> 
     </span>
     <span class='ocr_line' id='line_1_7' title="bbox 263 892 809 974; baseline -0.004 -19"><span class='ocrx_word' id='word_1_25' title='bbox 263 907 265 912; x_wconf 59' lang='lat'><strong>⁴</strong></span> <span class='ocrx_word' id='word_1_26' title='bbox 349 895 443 972; x_wconf 82' lang='lat' dir='ltr'><strong>Fruge</strong></span> <span class='ocrx_word' id='word_1_27' title='bbox 456 892 544 954; x_wconf 82' lang='lat' dir='ltr'>Lares</span> <span class='ocrx_word' id='word_1_28' title='bbox 555 893 694 974; x_wconf 83' lang='lat' dir='ltr'><strong>aridaque</strong></span> <span class='ocrx_word' id='word_1_29' title='bbox 707 911 809 972; x_wconf 85' lang='lat' dir='ltr'><strong>poroa;</strong></span> 
     </span>
    </p>
   </div>
   <div class='ocr_carea' id='block_1_4' title="bbox 245 1027 844 1357">
    <p class='ocr_par' dir='ltr' id='par_1_4' title="bbox 245 1027 844 1357">
     <span class='ocr_line' id='line_1_8' title="bbox 247 1027 834 1114; baseline -0.009 -23"><span class='ocrx_word' id='word_1_30' title='bbox 247 1030 309 1091; x_wconf 88' lang='lat' dir='ltr'><strong>Nec</strong></span> <span class='ocrx_word' id='word_1_31' title='bbox 325 1028 503 1107; x_wconf 77' lang='lat' dir='ltr'><strong>pestilentem</strong></span> <span class='ocrx_word' id='word_1_32' title='bbox 522 1029 626 1089; x_wconf 84' lang='lat' dir='ltr'><strong>sentiet</strong></span> <span class='ocrx_word' id='word_1_33' title='bbox 634 1027 761 1087; x_wconf 78' lang='lat' dir='ltr'><strong>Africum</strong></span> <span class='ocrx_word' id='word_1_34' title='bbox 828 1098 834 1114; x_wconf 42' lang='grc' dir='ltr'><strong><em>Ι</em></strong></span> 
     </span>
     <span class='ocr_line' id='line_1_9' title="bbox 245 1111 774 1189; baseline -0.011 -13"><span class='ocrx_word' id='word_1_35' title='bbox 245 1111 378 1176; x_wconf 80' lang='lat' dir='ltr'><strong>Fecunda</strong></span> <span class='ocrx_word' id='word_1_36' title='bbox 392 1111 469 1189; x_wconf 86' lang='lat' dir='ltr'><strong>ritis,</strong></span> <span class='ocrx_word' id='word_1_37' title='bbox 482 1129 536 1172; x_wconf 91' lang='lat' dir='ltr'><strong>nec</strong></span> <span class='ocrx_word' id='word_1_38' title='bbox 548 1111 672 1172; x_wconf 89' lang='lat' dir='ltr'><strong>sterilem</strong></span> <span class='ocrx_word' id='word_1_39' title='bbox 686 1129 774 1189; x_wconf 75' lang='lat' dir='ltr'><strong>seges</strong></span> 
     </span>
     <span class='ocr_line' id='line_1_10' title="bbox 271 1194 750 1274; baseline -0.006 -17"><span class='ocrx_word' id='word_1_40' title='bbox 271 1213 277 1225; x_wconf 90' lang='grc'><em>’</em></span> <span class='ocrx_word' id='word_1_41' title='bbox 297 1196 468 1274; x_wconf 79' lang='lat' dir='ltr'><strong>Robiginem</strong></span> <span class='ocrx_word' id='word_1_42' title='bbox 479 1203 526 1256; x_wconf 91' lang='lat' dir='ltr'><strong>aut</strong></span> <span class='ocrx_word' id='word_1_43' title='bbox 538 1194 636 1255; x_wconf 80' lang='lat' dir='ltr'><strong>dulces</strong></span> <span class='ocrx_word' id='word_1_44' title='bbox 648 1195 750 1255; x_wconf 77' lang='lat' dir='ltr'>alumni</span> 
     </span>
     <span class='ocr_line' id='line_1_11' title="bbox 349 1277 844 1357; baseline 0.004 -19"><span class='ocrx_word' id='word_1_45' title='bbox 349 1277 495 1339; x_wconf 85' lang='lat' dir='ltr'><strong>&#39;Pomiiero</strong></span> <span class='ocrx_word' id='word_1_46' title='bbox 507 1298 595 1357; x_wconf 79' lang='lat' dir='ltr'><strong>grave</strong></span> <span class='ocrx_word' id='word_1_47' title='bbox 612 1288 724 1357; x_wconf 90' lang='lat' dir='ltr'><strong>tempus</strong></span> <span class='ocrx_word' id='word_1_48' title='bbox 737 1295 820 1346; x_wconf 86' lang='lat' dir='ltr'><strong>anno.</strong></span> <span class='ocrx_word' id='word_1_49' title='bbox 841 1277 844 1284; x_wconf 83' lang='grc'><em>’</em></span> 
     </span>
    </p>
   </div>
   <div class='ocr_carea' id='block_1_5' title="bbox 126 1412 883 1750">
    <p class='ocr_par' dir='ltr' id='par_1_5' title="bbox 126 1412 883 1750">
     <span class='ocr_line' id='line_1_12' title="bbox 126 1412 747 1493; baseline -0.005 -17"><span class='ocrx_word' id='word_1_50' title='bbox 126 1428 128 1433; x_wconf 87' lang='grc'><strong><em>·</em></strong></span> <span class='ocrx_word' id='word_1_51' title='bbox 246 1413 317 1476; x_wconf 84' lang='lat' dir='ltr'><strong>Nam</strong></span> <span class='ocrx_word' id='word_1_52' title='bbox 328 1431 401 1493; x_wconf 86' lang='lat' dir='ltr'><strong>quac</strong></span> <span class='ocrx_word' id='word_1_53' title='bbox 411 1412 497 1473; x_wconf 86' lang='lat' dir='ltr'><strong>nivali</strong></span> <span class='ocrx_word' id='word_1_54' title='bbox 507 1415 634 1490; x_wconf 89' lang='lat' dir='ltr'><strong>pascitur</strong></span> <span class='ocrx_word' id='word_1_55' title='bbox 643 1413 747 1492; x_wconf 76' lang='lat' dir='ltr'><strong>Algido</strong></span> 
     </span>
     <span class='ocr_line' id='line_1_13' title="bbox 243 1496 717 1576; baseline -0.004 -18"><span class='ocrx_word' id='word_1_56' title='bbox 243 1498 355 1559; x_wconf 85' lang='lat' dir='ltr'><strong>Devota</strong></span> <span class='ocrx_word' id='word_1_57' title='bbox 368 1515 490 1576; x_wconf 82' lang='lat' dir='ltr'><strong>quercus</strong></span> <span class='ocrx_word' id='word_1_58' title='bbox 504 1499 579 1557; x_wconf 86' lang='lat' dir='ltr'><strong>inter</strong></span> <span class='ocrx_word' id='word_1_59' title='bbox 591 1505 619 1556; x_wconf 91' lang='lat' dir='ltr'><strong>et</strong></span> <span class='ocrx_word' id='word_1_60' title='bbox 635 1496 717 1557; x_wconf 82' lang='lat' dir='ltr'><strong>ilices</strong></span> 
     </span>
     <span class='ocr_line' id='line_1_14' title="bbox 296 1579 742 1642; baseline -0.002 -1"><span class='ocrx_word' id='word_1_61' title='bbox 296 1581 353 1641; x_wconf 77' lang='lat' dir='ltr'><strong>Aut</strong></span> <span class='ocrx_word' id='word_1_62' title='bbox 364 1583 469 1641; x_wconf 88' lang='lat' dir='ltr'><strong>crescit</strong></span> <span class='ocrx_word' id='word_1_63' title='bbox 478 1579 595 1642; x_wconf 82' lang='lat' dir='ltr'><strong>Albanis</strong></span> <span class='ocrx_word' id='word_1_64' title='bbox 607 1580 742 1641; x_wconf 91' lang='lat' dir='ltr'><strong>inberbis</strong></span> 
     </span>
     <span class='ocr_line' id='line_1_15' title="bbox 350 1665 883 1750; baseline 0 -26"><span class='ocrx_word' id='word_1_65' title='bbox 350 1665 481 1743; x_wconf 81' lang='lat' dir='ltr'><strong>Victima,</strong></span> <span class='ocrx_word' id='word_1_66' title='bbox 496 1666 661 1745; x_wconf 87' lang='lat' dir='ltr'><strong>pontificum</strong></span> <span class='ocrx_word' id='word_1_67' title='bbox 676 1682 794 1724; x_wconf 90' lang='lat' dir='ltr'><strong>secures</strong></span> <span class='ocrx_word' id='word_1_68' title='bbox 881 1743 883 1750; x_wconf 21' lang='grc' dir='ltr'>Ι</span> 
     </span>
    </p>
   </div>
   <div class='ocr_carea' id='block_1_6' title="bbox 248 1798 817 2130">
    <p class='ocr_par' dir='ltr' id='par_1_6' title="bbox 248 1798 817 2130">
     <span class='ocr_line' id='line_1_16' title="bbox 248 1798 718 1877; baseline -0.009 -15"><span class='ocrx_word' id='word_1_69' title='bbox 248 1799 370 1862; x_wconf 79' lang='lat' dir='ltr'><strong>Geruice</strong></span> <span class='ocrx_word' id='word_1_70' title='bbox 380 1800 483 1877; x_wconf 83' lang='lat' dir='ltr'><strong>tinget:</strong></span> <span class='ocrx_word' id='word_1_71' title='bbox 499 1808 528 1859; x_wconf 90' lang='lat' dir='ltr'><strong>te</strong></span> <span class='ocrx_word' id='word_1_72' title='bbox 538 1798 608 1861; x_wconf 88' lang='lat' dir='ltr'><strong>nihil</strong></span> <span class='ocrx_word' id='word_1_73' title='bbox 621 1800 718 1859; x_wconf 90' lang='lat' dir='ltr'><strong>attinet</strong></span> 
     </span>
     <span class='ocr_line' id='line_1_17' title="bbox 249 1882 732 1944; baseline -0.004 0"><span class='ocrx_word' id='word_1_74' title='bbox 249 1882 369 1944; x_wconf 86' lang='lat' dir='ltr'><strong>Tentare</strong></span> <span class='ocrx_word' id='word_1_75' title='bbox 380 1882 465 1942; x_wconf 92' lang='lat' dir='ltr'><strong>multa</strong></span> <span class='ocrx_word' id='word_1_76' title='bbox 480 1882 568 1943; x_wconf 83' lang='lat' dir='ltr'><strong>caede</strong></span> <span class='ocrx_word' id='word_1_77' title='bbox 579 1882 732 1943; x_wconf 88' lang='lat' dir='ltr'><strong>bidentium</strong></span> 
     </span>
     <span class='ocr_line' id='line_1_18' title="bbox 292 1965 817 2027; baseline -0.002 0"><span class='ocrx_word' id='word_1_78' title='bbox 292 1965 398 2027; x_wconf 80' lang='lat' dir='ltr'><strong>Parvos</strong></span> <span class='ocrx_word' id='word_1_79' title='bbox 410 1974 592 2026; x_wconf 83' lang='lat' dir='ltr'><strong>coronantem</strong></span> <span class='ocrx_word' id='word_1_80' title='bbox 603 1968 709 2026; x_wconf 89' lang='lat' dir='ltr'><strong>marino</strong></span> <span class='ocrx_word' id='word_1_81' title='bbox 815 1996 817 2003; x_wconf 39' lang='lat' dir='ltr'><em>s</em></span> 
     </span>
     <span class='ocr_line' id='line_1_19' title="bbox 354 2049 790 2130; baseline 0.002 -22"><span class='ocrx_word' id='word_1_82' title='bbox 354 2049 432 2109; x_wconf 86' lang='lat' dir='ltr'><strong>Rure</strong></span> <span class='ocrx_word' id='word_1_83' title='bbox 444 2049 515 2109; x_wconf 89' lang='lat' dir='ltr'><strong>deos</strong></span> <span class='ocrx_word' id='word_1_84' title='bbox 526 2049 678 2130; x_wconf 81' lang='lat' dir='ltr'><strong>fragilique</strong></span> <span class='ocrx_word' id='word_1_85' title='bbox 688 2057 790 2126; x_wconf 75' lang='lat' dir='ltr'><strong>myrto.</strong></span> 
     </span>
    </p>
   </div>
   <div class='ocr_carea' id='block_1_7' title="bbox 100 2181 769 2515">
    <p class='ocr_par' dir='ltr' id='par_1_7' title="bbox 100 2181 769 2515">
     <span class='ocr_line' id='line_1_20' title="bbox 248 2181 730 2264; baseline -0.002 -20"><span class='ocrx_word' id='word_1_86' title='bbox 248 2181 380 2244; x_wconf 88' lang='lat' dir='ltr'><strong>Immunis</strong></span> <span class='ocrx_word' id='word_1_87' title='bbox 394 2200 473 2243; x_wconf 86' lang='lat' dir='ltr'><strong>aram·</strong></span> <span class='ocrx_word' id='word_1_88' title='bbox 481 2185 505 2242; x_wconf 94' lang='lat' dir='ltr'><strong>si</strong></span> <span class='ocrx_word' id='word_1_89' title='bbox 518 2186 611 2264; x_wconf 81' lang='lat' dir='ltr'><strong>tetigit</strong></span> <span class='ocrx_word' id='word_1_90' title='bbox 622 2202 730 2261; x_wconf 83' lang='lat' dir='ltr'><strong>manus,</strong></span> 
     </span>
     <span class='ocr_line' id='line_1_21' title="bbox 247 2265 722 2344; baseline 0 -15"><span class='ocrx_word' id='word_1_91' title='bbox 247 2265 312 2330; x_wconf 85' lang='lat' dir='ltr'><strong>Non</strong></span> <span class='ocrx_word' id='word_1_92' title='bbox 324 2277 469 2328; x_wconf 86' lang='lat' dir='ltr'><strong>sumtuosa</strong></span> <span class='ocrx_word' id='word_1_93' title='bbox 477 2267 610 2329; x_wconf 82' lang='lat' dir='ltr'><strong>&#39;blandior</strong></span> <span class='ocrx_word' id='word_1_94' title='bbox 619 2270 722 2344; x_wconf 85' lang='lat' dir='ltr'><strong>bestia,</strong></span> 
     </span>
     <span class='ocr_line' id='line_1_22' title="bbox 298 2351 717 2419; baseline -0.002 -7"><span class='ocrx_word' id='word_1_95' title='bbox 298 2351 419 2412; x_wconf 85' lang='lat' dir='ltr'><strong>blollirit</strong></span> <span class='ocrx_word' id='word_1_96' title='bbox 430 2367 549 2414; x_wconf 88' lang='lat' dir='ltr'><strong>aversos</strong></span> <span class='ocrx_word' id='word_1_97' title='bbox 561 2351 681 2412; x_wconf 88' lang='lat' dir='ltr'><strong>Penates</strong></span> <span class='ocrx_word' id='word_1_98' title='bbox 715 2414 717 2419; x_wconf 72' lang='grc'><em>,</em></span> 
     </span>
     <span class='ocr_line' id='line_1_23' title="bbox 100 2435 769 2515; baseline 0 -19"><span class='ocrx_word' id='word_1_99' title='bbox 100 2439 140 2504; x_wconf 83' lang='grc'><strong>20</strong></span> <span class='ocrx_word' id='word_1_100' title='bbox 225 2500 228 2511; x_wconf 34' lang='lat' dir='ltr'><em>s</em></span> <span class='ocrx_word' id='word_1_101' title='bbox 353 2435 440 2497; x_wconf 83' lang='lat' dir='ltr'><strong>Ferre</strong></span> <span class='ocrx_word' id='word_1_102' title='bbox 451 2438 500 2515; x_wconf 90' lang='lat' dir='ltr'><strong>pio</strong></span> <span class='ocrx_word' id='word_1_103' title='bbox 515 2445 544 2496; x_wconf 86' lang='lat' dir='ltr'><strong>ct</strong></span> <span class='ocrx_word' id='word_1_104' title='bbox 558 2436 678 2497; x_wconf 87' lang='lat' dir='ltr'><strong>saliente</strong></span> <span class='ocrx_word' id='word_1_105' title='bbox 688 2436 769 2496; x_wconf 88' lang='lat' dir='ltr'><strong>mica.</strong></span> 
     </span>
    </p>
   </div>
   <div class='ocr_carea' id='block_1_8' title="bbox 506 2696 655 2707">
    <p class='ocr_par' dir='ltr' id='par_1_8' title="bbox 506 2696 655 2707">
     <span class='ocr_line' id='line_1_24' title="bbox 506 2696 655 2707; baseline -0.007 -3"><span class='ocrx_word' id='word_1_106' title='bbox 506 2696 655 2707; x_wconf 69' lang='grc'><em>.,.-.-</em></span> 
     </span>
    </p>
   </div>
   <div class='ocr_carea' id='block_1_9' title="bbox 321 2857 928 3047">
    <p class='ocr_par' dir='ltr' id='par_1_9' title="bbox 321 2857 928 3047">
     <span class='ocr_line' id='line_1_25' title="bbox 451 2857 928 2943; baseline -0.015 -25"><span class='ocrx_word' id='word_1_107' title='bbox 451 2857 708 2918; x_wconf 84' lang='lat' dir='ltr'><strong>onmxxrv.</strong></span> <span class='ocrx_word' id='word_1_108' title='bbox 803 2870 809 2881; x_wconf 59' lang='grc'><strong>·«</strong></span> <span class='ocrx_word' id='word_1_109' title='bbox 872 2867 928 2943; x_wconf 41' lang='lat' dir='ltr'><em>g</em></span> 
     </span>
     <span class='ocr_line' id='line_1_26' title="bbox 321 2960 815 3047; baseline -0.01 -31"><span class='ocrx_word' id='word_1_110' title='bbox 321 3033 328 3046; x_wconf 71' lang='lat'><em>,</em></span> <span class='ocrx_word' id='word_1_111' title='bbox 415 2960 744 3047; x_wconf 73' lang='lat' dir='ltr'><strong>rnnvnnos.</strong></span> <span class='ocrx_word' id='word_1_112' title='bbox 811 2990 815 2996; x_wconf 88' lang='lat'>-</span> 
     </span>
    </p>
   </div>
   <div class='ocr_carea' id='block_1_10' title="bbox 251 3101 936 3431">
    <p class='ocr_par' dir='ltr' id='par_1_10' title="bbox 251 3101 580 3182">
     <span class='ocr_line' id='line_1_27' title="bbox 251 3101 580 3182; baseline -0.015 -18"><span class='ocrx_word' id='word_1_113' title='bbox 251 3101 366 3163; x_wconf 83' lang='lat' dir='ltr'><strong>Intactis</strong></span> <span class='ocrx_word' id='word_1_114' title='bbox 378 3101 539 3182; x_wconf 82' lang='lat' dir='ltr'><strong>opulentior</strong></span> <span class='ocrx_word' id='word_1_115' title='bbox 578 3170 580 3174; x_wconf 11' lang='grc' dir='ltr'><em>Α</em></span> 
     </span>
    </p>

    <p class='ocr_par' dir='ltr' id='par_1_11' title="bbox 251 3179 842 3352">
     <span class='ocr_line' id='line_1_28' title="bbox 301 3179 842 3247; baseline -0.013 0"><span class='ocrx_word' id='word_1_116' title='bbox 301 3183 453 3247; x_wconf 78' lang='lat' dir='ltr'><strong>Thesauris</strong></span> <span class='ocrx_word' id='word_1_117' title='bbox 465 3183 588 3243; x_wconf 78' lang='lat' dir='ltr'><strong>Arabum</strong></span> <span class='ocrx_word' id='word_1_118' title='bbox 600 3191 628 3242; x_wconf 91' lang='lat' dir='ltr'><strong>et</strong></span> <span class='ocrx_word' id='word_1_119' title='bbox 641 3182 735 3243; x_wconf 85' lang='lat' dir='ltr'><strong>divitis</strong></span> <span class='ocrx_word' id='word_1_120' title='bbox 746 3179 842 3241; x_wconf 87' lang='lat' dir='ltr'><strong>indiae</strong></span> 
     </span>
     <span class='ocr_line' id='line_1_29' title="bbox 251 3268 631 3352; baseline -0.005 -22"><span class='ocrx_word' id='word_1_121' title='bbox 251 3268 410 3330; x_wconf 74' lang='lat' dir='ltr'><strong>caementis</strong></span> <span class='ocrx_word' id='word_1_122' title='bbox 421 3268 489 3352; x_wconf 87' lang='lat' dir='ltr'><strong>licet</strong></span> <span class='ocrx_word' id='word_1_123' title='bbox 505 3284 631 3347; x_wconf 87' lang='lat' dir='ltr'><strong>occupes</strong></span> 
     </span>
    </p>

    <p class='ocr_par' dir='ltr' id='par_1_12' title="bbox 293 3347 936 3431">
     <span class='ocr_line' id='line_1_30' title="bbox 293 3347 936 3431; baseline -0.012 -17"><span class='ocrx_word' id='word_1_124' title='bbox 293 3352 465 3431; x_wconf 72' lang='lat' dir='ltr'><strong>Tyirbenum</strong></span> <span class='ocrx_word' id='word_1_125' title='bbox 479 3367 564 3412; x_wconf 91' lang='lat' dir='ltr'><strong>omne</strong></span> <span class='ocrx_word' id='word_1_126' title='bbox 576 3353 630 3413; x_wconf 89' lang='lat' dir='ltr'><strong>tuis</strong></span> <span class='ocrx_word' id='word_1_127' title='bbox 642 3360 670 3414; x_wconf 90' lang='lat' dir='ltr'><strong>et</strong></span> <span class='ocrx_word' id='word_1_128' title='bbox 685 3367 761 3411; x_wconf 88' lang='lat' dir='ltr'><strong>mare</strong></span> <span class='ocrx_word' id='word_1_129' title='bbox 772 3347 936 3428; x_wconf 73' lang='lat' dir='ltr'><strong>Apulieum3</strong></span> 
     </span>
    </p>
   </div>
   <div class='ocr_carea' id='block_1_11' title="bbox 0 0 1138 3878">
    <p class='ocr_par' dir='ltr' id='par_1_13' title="bbox 0 0 1138 3878">
     <span class='ocr_line' id='line_1_31' title="bbox 0 0 1138 3878; baseline 0 3"><span class='ocrx_word' id='word_1_130' title='bbox 0 0 1138 3878; x_wconf 95' lang='lat' dir='ltr'><strong> </strong></span> 
     </span>
    </p>
   </div>
  </div>
 </body>
</html>
