2266 3878
69 282 152 362 ιιι]
436 281 546 343 noun
559 280 582 340 1.
931 285 990 349 sou

118 435 255 498 Omnibus
267 443 296 494 ct
306 434 393 512 lippis
405 443 500 493 notum
511 442 540 493 et
549 435 711 494 tonsoribus
723 451 799 494 esse.

114 517 230 579 Persius
244 518 291 577 bie
303 535 453 595 permagna
464 519 579 593 negotia
590 517 670 576 dives
681 518 801 578 habebat

115 600 312 678 Clazomenis,
326 603 408 660 etiarn
420 600 484 660 lites
496 618 558 659 cum
570 599 651 678 Rege
663 601 809 676 molestas,
899 644 902 649 -
960 603 991 668 '5

113 685 211 746 Durus
220 685 305 744 borno
316 693 399 762 atque
412 684 477 744 odio
490 686 537 760 qui
549 693 649 760 posset
660 685 774 744 vincere
785 684 906 764 Regem,

115 767 270 831 Confidens
283 767 477 845 tumidusque,
497 766 569 827 adeo
583 769 721 826 sermonis
733 770 827 845 amari,

115 852 266 928 Sisennae,
279 849 382 912 Barros
394 860 423 910 ut
436 853 516 928 equis
528 860 724 928 praecurreret
735 850 817 911 albis.

115 935 160 995 Ad
170 935 282 1013 Regem
291 934 391 994 redeo.
414 933 565 1011 Postquam
575 934 643 993 nibil
656 936 728 993 inter
739 943 886 1013 utrumque

116 1017 271 1087 Convenit3
283 1048 294 1063 ·
306 1019 362 1079 boc
373 1020 475 1077 etenim
488 1026 551 1076 sunt
562 1033 658 1076 omnes
670 1019 731 1077 iure
739 1018 864 1093 molesti,
950 1022 991 1085 10

118 1101 181 1175 Quo
193 1101 300 1178 fortes,
315 1102 416 1180 quibus
430 1100 578 1161 adversum
592 1101 698 1161 bellum
710 1101 823 1161 incidit:
838 1104 919 1161 intes'

116 1185 240 1250 Hectora
250 1184 407 1245 Priamiden
418 1186 571 1245 animosum
583 1194 667 1262 atque
679 1187 751 1244 inter
761 1184 901 1245 Achillem

116 1267 161 1330 lra
178 1269 232 1329 luit
242 1268 387 1346 capitalis,
406 1277 436 1327 ut
446 1267 542 1328 ultima
559 1267 696 1328 diuideret
711 1286 798 1345 mors,
914 1269 918 1281 ⁸

118 1351 278 1413 Nouellum
293 1353 330 1412 ob
345 1369 476 1427 causam,
492 1353 546 1410 nisi
559 1352 636 1428 quod
649 1354 737 1412 virtus
748 1354 776 1412 in
787 1360 908 1431 utroque

117 1436 229 1496 Summa
241 1435 306 1505 luit;
323 1435 379 1495 due
391 1437 415 1495 si
430 1434 571 1495 discordia
584 1444 670 1494 vexet
681 1437 785 1494 inertes
951 1436 989 1500 15

116 1519 210 1579 Antei
224 1519 383 1597 disparibus
398 1518 503 1578 bellum
514 1517 632 1594 incidat,
649 1528 679 1578 ut
688 1518 819 1578 Diomedi

69 1586 89 1618 '⁵
117 1600 286 1677 Oumbpcie
298 1600 423 1679 Glauco,
443 1601 570 1661 discedat
583 1603 704 1678 pigrior,
717 1600 790 1661 ultro

117 1685 281 1746 Muneribus
292 1688 423 1755 missis;·
439 1685 525 1745 Bruto
536 1694 666 1762 praetore
677 1693 791 1744 tenente

117 1769 210 1829 Ditem
224 1769 335 1846 Asiam,
350 1769 445 1847 Rupili
461 1778 491 1830 ct
501 1769 579 1828 Persi
592 1786 642 1846 par
653 1775 776 1850 pugnat,
789 1768 897 1829 utinen

118 1851 314 1930 compositum
327 1853 427 1912 melius
442 1870 505 1913 cum
516 1852 598 1912 Bitho
609 1851 758 1912 Bacchius.
780 1850 812 1910 ln
822 1853 867 1911 lus
901 1888 904 1894 ι
950 1854 990 1915 20

117 1936 206 1996 dores
221 1946 406 2016 procurrunt,
423 1955 552 2014 magnum
564 1934 756 2014 spectaculum
766 1943 894 2014 uterque.

118 2019 231 2080 Persius
242 2022 360 2097 exponit
371 2036 496 2090 eausam;
511 2020 618 2079 ridetur
628 2019 663 2079 ab
675 2020 749 2079 omni
823 2038 825 2042 ·

119 2101 281 2173 Consentu3
298 2103 392 2163 laudat
404 2103 517 2163 Brutum
529 2104 680 2180 laudatque
691 2103 854 2162 cohortem:

118 2186 213 2247 Solem
223 2185 313 2247 Asiae
320 2185 434 2246 Brutum
445 2186 585 2264 appellat,
599 2186 754 2264 stellasque
765 2185 893 2245 salubres

118 2268 251 2350 Appellat
262 2272 396 2348 comites,
412 2279 533 2348 excepto
548 2269 642 2346 Rege3
655 2287 753 2328 canem
764 2268 851 2346 illum,
950 2273 989 2337 25

118 2352 241 2414 lnuisum
252 2352 385 2431 agricolis
397 2353 489 2429 sidus,
502 2355 626 2413 senisse.
648 2338 759 2411 Ruebat

118 2436 235 2497 Flumen
245 2445 276 2496 ut
285 2438 446 2514 hibernum,
463 2437 617 2514 ferturque
628 2435 818 2507 raruseeun's.

118 2518 187 2579 l'um
196 2519 394 2580 Praenestinus
405 2520 481 2581 salso
492 2520 636 2597 multoque
650 2517 744 2578 fluenti

118 2601 262 2682 Expressa
272 2604 386 2664 arbusto
397 2606 502 2683 regerit
514 2604 656 2679 convicia,
670 2601 754 2661 durus

107 2685 308 2770 ⁸vindemiator
319 2696 348 2747 et
358 2690 488 2764 invictus,
502 2690 547 2747 cui
558 2703 646 2764 saepe
657 2687 747 2745 mator
948 2688 990 2751 30

118 2768 263 2833 Cessisset
274 2789 373 2850 magna
389 2771 562 2849 compellans
572 2787 646 2830 voce
657 2768 796 2828 cuculum.

118 2853 153 2914 lt
168 2851 308 2930 Graecus,
321 2863 470 2934 postquam
482 2864 525 2914 eet
535 2853 605 2914 ltalo
617 2853 749 2931 perfusus
761 2861 855 2930 aceto,

118 2935 230 2997 Persius
243 2937 392 2999 exclamat:
406 2938 484 3016 „Per
493 2955 627 3016 magnos,
646 2936 747 3012 Brute,
761 2935 831 2997 deos
847 2945 877 2997 te

118 3019 216 3097 „0ro,
237 3023 284 3098 qui
295 3032 382 3100 reges
395 3024 540 3082 consueris
553 3021 668 3096 tollere,
682 3038 732 3079 cur
742 3037 798 3080 non

119 3103 221 3180 „llune
232 3104 342 3183 Regem
352 3103 484 3185 iugulas?
507 3105 630 3183 Operum
642 3104 715 3180 hoc,
730 3102 905 3182 mihicrede,

589 3196 698 3248 tuorum
711 3188 789 3247 est.“

91 3443 233 3500 nonarius.
796 3438 831 3490 u
859 3420 862 3425 ’
1004 3448 1063 3615 1
