2266 3878
94 293 285 369 [apsent]
521 291 670 356 LIBERI.
739 278 743 291 '

93 443 161 516 Quo
176 443 255 503 ducit
264 443 344 523 gula;
356 446 513 522 piscemur,
529 464 679 528 venemur,
699 456 729 507 ut
744 446 811 508 olim

93 525 254 606 Gargilius,
269 530 317 607 qui
328 546 408 588 mane
419 529 535 606 plagas,
550 522 707 607 venabula,
724 548 835 610 seruos,

90 610 243 671 Diliertum
254 613 371 672 transire
382 612 473 672 lorum
488 613 680 693 populumque
687 616 815 694 iubebat,

89 694 173 755 Unus
184 703 214 754 ut
226 713 242 754 e
253 693 347 754 multis
358 696 465 774 populo
476 705 622 774 spectante
633 697 754 759 referret

89 776 205 838 Emtum
216 778 307 839 mulus
319 796 426 857 aprum.
457 778 541 840 Gradi
553 781 706 861 tumidique
717 782 852 862 lavemur,

94 861 171 934 Quid
183 860 285 922 deceat
299 863 366 941 quid
375 881 431 923 non
443 864 537 939 obliti,
554 862 668 925 Caerite
681 884 748 927 cere

90 944 195 1023 Digni,
209 948 355 1024 remigium
366 950 497 1017 vitiosum
508 947 665 1008 Ithacensis
675 949 779 1026 lilinei,

94 1025 146 1087 Gai
158 1032 255 1106 potior
268 1032 356 1108 patria
368 1031 421 1090 luit
430 1032 576 1092 interdicta
586 1032 728 1110 voluptas.
804 1047 805 1052 ’

94 1112 141 1189 st,
158 1111 337 1174 Mimnermus
349 1109 388 1174 n'ti
401 1125 516 1192 censet,
532 1118 594 1175 sine
606 1134 701 1176 amore
712 1120 842 1198 iocisque

93 1195 139 1254 Nil
151 1205 197 1256 est
211 1193 375 1274 iucundum,
387 1201 467 1258 vivas
479 1201 506 1258 in
517 1217 613 1258 amore
626 1202 768 1282 iocisque.

93 1278 180 1357 Vive,
194 1279 272 1340 vale!
287 1281 318 1341 Si
332 1281 399 1362 quid
409 1284 512 1342 novisti
526 1286 631 1344 rectius
644 1287 717 1363 istis,

95 1360 236 1423 Candidus
248 1362 374 1444 imperti;
390 1367 415 1424 si
425 1383 499 1442 non,
513 1366 558 1425 his
569 1375 650 1427 utere
661 1387 782 1430 mecum.
843 1411 845 1414 ι

404 1598 802 1657 musollam„

314 1701 380 1754 AD
414 1703 839 1762 MnucmNATJttt,

95 1803 227 1884 Quinque
243 1803 304 1864 dies
321 1805 371 1865 tibi
385 1805 529 1884 pollicitus
541 1826 586 1866 me
597 1826 662 1867 rure
673 1807 805 1883 futurum,

94 1887 229 1948 Sextilem
239 1896 328 1948 totum
338 1889 458 1950 mendax
472 1890 626 1951 desideror.
651 1891 737 1970 Atqui

94 1971 122 2032 Si
132 1990 179 2031 me
190 1973 288 2031 vivere
299 1973 453 2034 vissanum
465 1972 603 2055 recteqde
616 1975 765 2052 valentem,

94 2054 184 2130 Quam
194 2055 261 2115 milri
274 2055 323 2116 das
334 2076 439 2136 aegro,
459 2058 539 2118 dabis
551 2068 701 2137 aegrotare
714 2058 833 2135 timenti,
865 2056 868 2063 ’

91 2137 258 2216 Maecenas,
273 2142 399 2217 veniam,
415 2141 479 2201 dum
494 2143 564 2202 ficus
579 2145 667 2221 prima
680 2143 814 2222 calorque

91 2221 309 2302 Designatorem
321 2223 436 2285 decorat
447 2225 593 2285 lictoribus
604 2229 681 2302 atris,

90 2305 164 2367 Dum
179 2308 275 2384 pueris
287 2310 377 2367 omnis
392 2317 510 2386 pateret
523 2309 675 2369 matercula
686 2309 784 2386 pallet,

92 2389 285 2470 Ollieiosaque
298 2391 432 2452 sedulitas
445 2402 473 2453 ct
484 2392 579 2471 opella
590 2392 713 2453 lorensis

90 2473 213 2534 Addueit
224 2474 319 2535 febres
332 2484 362 2535 et
371 2478 537 2536 testamenta
549 2479 684 2554 resignat.

92 2554 202 2631 Quodsi
213 2559 310 2619 bruma
320 2550 528 2620 nires‘dlltanis
543 2560 631 2620 illinet
642 2561 729 2637 agris,

90 2639 133 2701 nd
143 2660 221 2703 marc
234 2641 390 2703 descendet
402 2653 482 2704 vates
493 2653 557 2703 tuus
569 2653 598 2704 et
609 2643 663 2702 sibi
675 2650 774 2721 parcet
813 2672 816 2676 ‡

91 2721 317 2805 Contraotnsque
328 2725 421 2805 leget;
440 2737 485 2804 te,
505 2726 596 2786 dulcis
608 2728 713 2803 amice,
729 2726 836 2807 reviset

91 2806 162 2869 Cum
174 2809 330 2888 Zephyris,
348 2813 373 2870 si
385 2811 543 2886 concedes,
565 2819 594 2870 et
605 2810 752 2870 himndine
763 2811 862 2888 prima.

90 2890 171 2970 Non',
185 2910 242 2973 qno
254 2895 333 2954 more
345 2896 413 2972 piris
425 2896 504 2954 vesci
517 2893 638 2954 Calaber
651 2895 730 2954 iubet
741 2894 861 2972 hospes,
1035 2954 1036 2957 ,

90 2972 130 3037 Tu
141 2995 188 3036 me
200 2976 293 3038 iecisti
305 2977 488 3056 locupletem.
515 2978 698 3055 l‚‚v0seere
710 2977 796 3038 sodes
805 2977 837 3038 l“
948 3008 979 3019 «·
1014 2977 1055 3041 15
1103 3003 1105 3016 ·

89 3057 343 3128 llomsottscst.
369 3065 389 3134 d
399 3061 517 3140 „natm
532 3070 663 3142 quantum
672 3065 733 3142 ris,
745 3062 857 3123 tollel“
881 3065 900 3131 9
911 3058 971 3122 Bc·-
1057 3090 1061 3108 ι

744 3167 843 3225 utque.

89 3224 210 3304 5,‚N'on
220 3229 311 3290 invisa
321 3229 397 3291 feres
410 3232 507 3310 pueris
518 3229 682 3292 munuscula
694 3232 824 3310 partis.“

89 3315 108 3380 l
122 3309 197 3373 Tam
208 3319 313 3374 teneor
324 3315 418 3392 dono,
435 3332 527 3392 quern
540 3315 717 3389 ati-dimittor
727 3320 861 3374 onustos.

89 3398 109 3466 l
120 3393 181 3474 „Ut
191 3394 276 3455 libet:
288 3396 360 3457 lraee
374 3401 471 3476 porcis
482 3398 568 3458 hodie
579 3395 753 3458 comedenda
763 3395 942 3496 relinques‘}
