2266 3878
56 262 120 326 rao
416 253 675 317 nrrsromnou
792 228 794 234 ’
840 224 945 330 [nnn.
962 257 1007 334 re]

141 409 284 474 Conticuit
295 409 365 486 lyra.
387 405 529 468 Preternis
541 407 666 467 cessisse
681 394 793 485 putatur

140 495 267 557 Moribus
278 492 435 571 Amphion:
450 498 484 550 tu·
492 489 565 549 cede
576 491 700 569 potentis
715 489 798 550 amici

79 579 120 643 45
138 578 261 640 leuibus
273 577 414 655 imperiis,
427 574 599 653 quotiesque
610 573 713 634 educet
723 574 752 632 in
763 589 849 650 agros
941 616 944 621 .

94 679 99 684 ·
140 662 252 723 Aetolis
263 668 377 721 onerata
388 656 481 738 plagis
492 660 614 718 iumenta
625 674 777 737 canesque,

141 739 853 824 SurgeetinhumanaeseninmdeponeGamenae‚
921 798 923 806 ,
1004 776 1009 783 =

142 827 255 890 Ooeues
266 836 296 889 ut
311 829 415 905 pariter
426 824 565 903 pulmenta
575 824 718 897 laboribus
732 832 818 883 emta:
923 857 925 861 ·
949 872 953 881 .

142 912 276 972 Romanis
288 909 425 971 sollemne
435 910 503 968 viris
515 923 606 984 opus,
622 907 691 967 utile
703 908 794 968 famae
839 968 841 972 ,

81 996 122 1061 50
142 996 282 1075 Vitaeque
293 993 480 1066 etmembris‚
498 993 664 1068 praesertim
675 1009 739 1050 cum
749 988 846 1050 valeas
858 999 886 1050 et

140 1077 196 1139 Vel
209 1096 292 1138 cursu
304 1093 439 1154 superare
450 1092 548 1134 canem
559 1073 606 1134 vel
616 1075 723 1135 viribus
734 1092 831 1152 aprum

141 1163 249 1222 Possis.
272 1159 354 1220 Adde
364 1157 454 1217 virilia
469 1157 545 1235 quod
556 1161 719 1235 speciosius
731 1176 806 1218 arma

142 1246 207 1307 Non
218 1253 263 1304 cst
274 1245 321 1322 qui
334 1250 448 1302 tractet:
464 1243 536 1317 scis,
555 1258 612 1320 quo
625 1240 748 1302 clamore
761 1259 884 1316 coronae

143 1326 254 1407 Proelia
265 1327 405 1387 sustineas
417 1327 597 1403 campestria;
619 1325 739 1402 denique
751 1344 864 1388 saevam

82 1417 122 1480 55
142 1411 269 1473 Militiam
279 1427 350 1488 puer
364 1417 392 1469 et
406 1407 571 1469 Cantabrica
582 1408 657 1470 bella
668 1408 760 1468 tulisti

144 1495 202 1556 Sub
218 1493 305 1571 duce,
323 1495 371 1572 qui
384 1492 496 1570 templis
508 1491 670 1553 Parthorum
680 1494 760 1570 signa
771 1492 864 1569 religit

145 1578 242 1655 Nunc,
259 1585 304 1653 et,
322 1578 346 1636 si
360 1576 427 1655 quid
439 1577 537 1652 abest,
555 1574 632 1635 Italis
643 1574 782 1635 adiudicat
793 1577 885 1635 ermis.

94 1678 97 1686 ·
145 1662 203 1739 lic,
220 1679 256 1721 ne
268 1669 298 1721 te
309 1660 434 1720 retrahas
446 1668 475 1719 et
486 1659 685 1719 inexcusabilis
699 1659 786 1737 absis,

139 1744 279 1819 „oramus
290 1743 330 1804 nil
342 1752 418 1804 extra
429 1761 573 1803 numerum
587 1743 692 1802 iecisse
703 1742 873 1822 modumque

82 1832 124 1895 60
145 1828 249 1889 Coras:
265 1825 402 1887 interdum
414 1828 527 1904 nugaris
539 1844 603 1885 rure
617 1835 745 1904 paterno;
811 1884 813 1888 ,
914 1882 917 1889 .

142 1912 260 1972 Partitur
268 1910 366 1969 lintres
378 1912 537 1985 exercitus,
553 1909 634 1970 Actia
646 1927 739 1987 pugna

144 1994 185 2054 Pe
197 1994 269 2053 doce
281 2010 333 2070 per
344 2009 449 2069 pueros
462 1992 558 2052 hostili
569 2010 647 2052 more
658 1994 789 2068 refertur,
906 1989 915 2003 “

144 2077 329 2145 Adversarius
342 2074 496 2151 estfrater‚
515 2074 594 2135 lacus
605 2075 722 2153 Hadria,
743 2076 836 2137 donec
868 2117 871 2121 -

144 2160 315 2221 Alterutrum
329 2157 414 2221 velox
423 2160 542 2219 victoria
553 2159 654 2219 fronde
666 2169 794 2220 coronet

84 2246 124 2309 db
147 2243 316 2304 Consentire
326 2243 384 2302 suis
396 2242 495 2304 studiis
507 2261 555 2322 qur
547 2242 719 2303 crediderit
729 2252 768 2318 te,

144 2327 248 2388 Pautor
258 2336 378 2405 utroque
388 2336 464 2415 tuum
475 2327 598 2387 laudabit
609 2326 714 2404 pollice
726 2325 830 2387 ludum

143 2411 272 2470 Protinus
284 2419 314 2470 ut
324 2427 468 2486 moneam
489 2430 513 2470 ιι
506 2409 593 2489 quid
606 2412 753 2470 monitoris
766 2429 836 2490 eges
848 2421 893 2472 tu:

80 2492 219 2567 Quid
231 2493 267 2552 de
279 2511 393 2571 quoque
406 2495 467 2553 viro
479 2502 508 2553 et
522 2513 567 2554 cur
560 2494 671 2570 'dicas‚
688 2512 775 2572 saepe
785 2495 915 2556 videto.
971 2525 973 2529 ·
992 2543 994 2546 Α

144 2576 374 2636 Percontatorem
386 2577 492 2654 fugito:
507 2596 569 2637 nam
569 2579 710 2677 ‘garrulus
721 2579 796 2639 idem
808 2589 898 2666 est,

83 2667 125 2728 70
145 2661 207 2721 Nec
220 2661 342 2719 retinent
351 2658 463 2737 patulae
475 2664 624 2722 commissa
637 2663 757 2723 lidelite'r
767 2682 861 2740 aures,

142 2744 179 2804 Et
190 2743 279 2803 semel
291 2746 422 2803 emissum
432 2743 509 2804 volat
520 2746 706 2806 irrevocabile
716 2748 843 2807 verbum.

143 2828 207 2889 Non
218 2825 317 2887 ancilla
328 2828 423 2886 tuum'
414 2845 495 2887 recur
509 2827 619 2888 ulceret
630 2829 685 2890 ulla
695 2847 803 2907 puerve

143 2911 217 2972 Intra
230 2927 414 2970 marmoreum
423 2912 574 2972 venerandi
585 2911 669 2973 limen
680 2915 772 2990 amici,

144 2993 189 3056 Ne
204 2994 332 3054 dominus
345 2995 425 3071 pueri
437 2993 547 3072 pulcbri
560 3014 677 3056 caraeve
688 2997 800 3075 puellae

81 3082 121 3146 15
143 3077 259 3138 llunere
270 3085 299 3137 te
310 3094 398 3155 parvo
409 3079 477 3137 beet
490 3088 537 3138 aut
547 3080 740 3140 incommodus
752 3090 846 3159 angat.

143 3161 262 3236 Qualem
273 3160 464 3236 commendes,
481 3164 564 3222 etiam
575 3172 660 3242 atque
671 3167 753 3225 etiam
768 3165 896 3243 adspice,
909 3183 947 3226 ne
961 3179 1021 3223 mox

141 3242 279 3306 Incutrant
289 3244 381 3306 ahena
391 3244 441 3304 t1b1
453 3254 572 3320 peccata
583 3245 728 3324 pudorem

142 3326 290 3406 Pellimur,
308 3337 338 3389 et
349 3325 488 3407 quondam
498 3345 555 3391 non
567 3330 680 3409 dugnum
690 3333 839 3393 tradimus
854 3348 925 3410 ergo

6 3522 152 3632 A
