2266 3878
7 257 49 321 cs
335 255 566 318 ‘snrmnuuu
811 261 903 340 [sacr

8 411 48 475 le
70 411 190 489 Virgilio
201 417 355 471 annuerunt
367 409 525 487 gaudentes
537 427 602 469 rurc
615 408 766 471 Camenae.

71 494 134 555 Hoc
146 503 220 571 erat,
234 502 352 571 experte
365 493 467 553 irustra
477 492 602 567 Varrone
614 492 734 554 Atacino

71 577 165 658 Atque
190 576 356 657 quibusdam
379 576 461 652 aliis,
500 575 600 636 melius
629 578 707 655 quod
737 579 868 641 scribere

572 677 706 737 possem,

71 743 220 805 inventore
233 744 336 812 minor;
347 761 442 822 neque
454 758 510 820 ege
522 741 563 802 illi
574 743 722 803 detrahere
733 747 825 807 ausim

70 827 238 889 Haerentem
250 829 335 905 cupiti
348 845 410 886 cum
420 827 506 886 multa
515 825 599 886 laude
610 844 753 888 corenam.
768 862 823 908 -,
855 818 866 839 “

8 911 49 975 60
71 912 107 971 llt
118 911 175 973 dixi
189 912 277 972 liuere
291 912 364 970 hunc
375 909 554 986 lutulentum,
570 927 658 988 saepe
669 911 810 972 ferentem

71 995 151 1056 Plura
162 996 276 1074 quidem
286 993 408 1053 tollenda
420 993 622 1071 relinquendis.
631 992 750 1072 —Age,
762 1013 886 1077 quaeso,

70 1079 112 1138 Tu
123 1079 190 1138 nihil
202 1081 230 1137 in
239 1093 342 1154 magno
354 1076 453 1136 doctus
464 1076 650 1154 reprehendis
660 1076 809 1151 liemaro?

69 1161 116 1223 Nil
128 1164 217 1221 cumis
229 1162 328 1237 tragici
342 1169 428 1220 mutat
438 1159 561 1220 Lucilius
571 1157 663 1220 Acci?

68 1245 133 1306 Non
143 1244 216 1303 ridet
226 1262 326 1303 versus
337 1242 409 1303 Enni
420 1246 556 1321 gravitate
567 1246 700 1322 minores,

7 1325 47 1387 65
69 1327 140 1389 Gum
152 1327 187 1388 de
201 1347 234 1387 se
247 1327 372 1405 loquitur
381 1343 437 1387 uun
450 1336 480 1387 ut
490 1330 596 1387 maiore
608 1327 777 1406 reprensis‘l

69 1411 145 1486 Quid
157 1420 234 1471 vetat
245 1421 273 1471 et
284 1421 394 1471 nosmet
404 1409 493 1470 Lucili
505 1413 610 1489 scripta
621 1412 750 1490 legentes

69 1496 229 1572 Quaerere,
243 1514 307 1554 num
319 1495 410 1572 illius,
425 1513 489 1567 num
501 1512 593 1554 rerum
604 1495 671 1555 dura
682 1502 795 1576 negarit

66 1577 232 1639 Versiculos
246 1588 343 1638 nutura
353 1581 442 1656 magis
457 1579 548 1645 iactos
561 1588 589 1638 et
601 1588 699 1639 euntes

67 1663 197 1740 Mallius,
213 1681 247 1724 ac
258 1665 282 1723 si
295 1666 373 1741 quis,
391 1663 511 1740 pedibus
523 1662 590 1740 quid
602 1663 733 1724 claudere
747 1669 837 1745 senis,

5 1738 46 1800 60
66 1747 129 1809 lloc
138 1756 245 1811 tantum
258 1755 423 1821 contentus,
438 1755 512 1805 amet
523 1748 675 1824 scripsisse
688 1747 826 1811 ducentes

66 1832 140 1892 Ante
152 1833 245 1891 cibum
259 1848 375 1906 versus,
389 1830 504 1889 tetidem
516 1839 665 1890 coenatus:
676 1829 792 1893 Etrusci

68 1914 158 1988 Quale
170 1914 221 1973 luit
234 1912 316 1974 Cassi
327 1914 426 1990 rapido
437 1914 593 1974 ferventius
604 1916 676 1973 amni

65 1997 229 2075 Ingenium,
243 1999 337 2074 capsis
353 2015 436 2075 quem
448 1997 520 2057 ianua
532 2007 575 2057 est
586 2015 652 2058 esse
663 1998 802 2078 librisque

66 2080 231 2140 Ambustum
242 2083 375 2158 propriis.
403 2079 500 2140 Fuerit
509 2081 648 2158 Lucilius,
665 2084 790 2162 inquam,

2 2157 43 2220 65
67 2161 162 2224 (iomis
174 2172 202 2223 et
213 2164 349 2240 urbanus,
362 2165 446 2224 inerit
456 2165 577 2225 limatior
587 2165 671 2242 idem,

65 2247 154 2321 Quam
165 2247 242 2309 rudis
256 2257 285 2307 et
297 2247 413 2309 Graecis
424 2251 519 2309 intacti
535 2252 663 2310 carminis
678 2261 795 2329 auctor,
824 2268 831 2275 '

66 2331 213 2411 Quamque
224 2339 371 2410 petitarum
382 2336 524 2393 seniorum
535 2335 630 2402 turba;
643 2334 695 2393 sed
707 2335 766 2411 ille,

64 2416 95 2474 Si
107 2416 183 2476 leret
196 2417 252 2476 hec
266 2426 390 2477 nostrum
405 2417 462 2477 lato
475 2417 576 2477 dilatus
586 2420 613 2477 in
626 2436 735 2494 aevum,

63 2498 214 2560 Detereret
227 2502 280 2561 sihi
288 2492 392 2578 inulta,
409 2501 549 2561 recideret
565 2519 646 2561 omne
662 2502 739 2579 quod
752 2503 824 2565 ultra

20 2578 42 2640 0
63 2581 221 2644 Perfectum
232 2586 403 2661 traheretur,
420 2594 449 2644 et
459 2587 487 2644 in
498 2604 583 2644 versu
595 2584 725 2644 iaciendo

62 2665 157 2742 Saepe
171 2678 256 2747 caput
266 2670 411 2744 scaberet,
428 2671 509 2728 rives
521 2678 549 2727 et
560 2668 674 2728 roderet
685 2687 806 2746 ungues.

62 2748 156 2828 Saepe
167 2751 261 2813 stilum
274 2763 385 2829 vertas,
398 2755 497 2812 iterum
509 2771 581 2830 quae
593 2751 676 2829 digna
686 2751 745 2830 legi
758 2757 824 2831 sint,

62 2831 239 2914 Scripturus,
255 2856 367 2916 neque,
380 2846 408 2896 te
421 2845 450 2896 ut
462 2839 577 2896 miretur
586 2836 681 2910 turba,
698 2835 827 2916 labores,

62 2912 215 2979 Contentus
227 2924 325 2998 paucis
335 2920 499 2980 lectoribus.
522 2919 567 2980 An
581 2928 627 2979 tua
640 2918 755 2979 demens

0 2992 36 3052 'd
59 2994 170 3061 Vilibus
184 3003 296 3064 inludis
311 3003 409 3064 dictari
424 3005 543 3063 carmina
555 2999 653 3063 malis?

61 3078 126 3142 Non
137 3102 207 3163 ego:
222 3105 285 3147 nam
300 3088 378 3149 sctis
398 3094 442 3146 est
459 3089 586 3165 equitem
599 3087 671 3146 midi
686 3087 854 3167 plaudere,

115 3186 120 3193 ‘
561 3179 591 3230 ut
607 3170 708 3249 sudu,

61 3241 217 3310 Centemtis
227 3251 302 3330 aliis,
315 3250 433 3330 explosa
444 3251 601 3313 Arbuscula
614 3254 691 3313 dixit.

56 3322 132 3388 llen’
143 3344 255 3395 moreat
267 3339 359 3397 cimex
370 3334 519 3414 Pantilius,
531 3346 577 3397 ant
589 3339 696 3397 cruciet
708 3337 786 3415 quod
