<?xml version="1.0" encoding="UTF-8"?>
<!DOCTYPE html PUBLIC "-//W3C//DTD XHTML 1.0 Transitional//EN"
    "http://www.w3.org/TR/xhtml1/DTD/xhtml1-transitional.dtd">
<html xmlns="http://www.w3.org/1999/xhtml" xml:lang="en" lang="en">
 <head>
  <title>
</title>
<meta http-equiv="Content-Type" content="text/html;charset=utf-8" />
  <meta name='ocr-system' content='tesseract 3.04.00' />
  <meta name='ocr-capabilities' content='ocr_page ocr_carea ocr_par ocr_line ocrx_word'/>
</head>
<body>
  <div class='ocr_page' id='page_1' title='image "./qhoratiiflaccio00schmgoog_0250.png"; bbox 0 0 2266 3878; ppageno 0'>
   <div class='ocr_carea' id='block_1_1' title="bbox 86 268 1048 351">
    <p class='ocr_par' dir='ltr' id='par_1_1' title="bbox 86 268 1048 351">
     <span class='ocr_line' id='line_1_1' title="bbox 86 268 1048 351; baseline 0 -19"><span class='ocrx_word' id='word_1_1' title='bbox 86 272 316 351; x_wconf 67' lang='lat' dir='ltr'><strong>[spaciosa]</strong></span> <span class='ocrx_word' id='word_1_2' title='bbox 494 271 604 334; x_wconf 81' lang='lat' dir='ltr'><strong>amau</strong></span> <span class='ocrx_word' id='word_1_3' title='bbox 618 272 642 333; x_wconf 92' lang='lat'><strong>1.</strong></span> <span class='ocrx_word' id='word_1_4' title='bbox 986 268 1048 332; x_wconf 83' lang='lat' dir='ltr'><strong>seu</strong></span> 
     </span>
    </p>
   </div>
   <div class='ocr_carea' id='block_1_2' title="bbox 73 414 1048 1749">
    <p class='ocr_par' dir='ltr' id='par_1_2' title="bbox 85 414 755 504">
     <span class='ocr_line' id='line_1_2' title="bbox 85 414 755 504; baseline -0.009 -18"><span class='ocrx_word' id='word_1_5' title='bbox 85 424 218 504; x_wconf 74' lang='lat' dir='ltr'><strong>lngeuuis</strong></span> <span class='ocrx_word' id='word_1_6' title='bbox 230 423 379 502; x_wconf 86' lang='lat' dir='ltr'><strong>oculisque</strong></span> <span class='ocrx_word' id='word_1_7' title='bbox 391 423 449 501; x_wconf 76' lang='lat' dir='ltr'><strong>legi</strong></span> <span class='ocrx_word' id='word_1_8' title='bbox 460 414 644 504; x_wconf 80' lang='lat' dir='ltr'><strong>inanibusque</strong></span> <span class='ocrx_word' id='word_1_9' title='bbox 655 418 755 483; x_wconf 72' lang='lat' dir='ltr'><strong>temeri,</strong></span> 
     </span>
    </p>

    <p class='ocr_par' dir='ltr' id='par_1_3' title="bbox 84 506 1047 672">
     <span class='ocr_line' id='line_1_3' title="bbox 85 506 1047 587; baseline -0.008 -17"><span class='ocrx_word' id='word_1_10' title='bbox 85 510 164 570; x_wconf 88' lang='lat' dir='ltr'><strong>Scire</strong></span> <span class='ocrx_word' id='word_1_11' title='bbox 176 508 267 586; x_wconf 80' lang='lat' dir='ltr'><strong>relis‚&#39;</strong></span> <span class='ocrx_word' id='word_1_12' title='bbox 279 526 340 568; x_wconf 90' lang='lat' dir='ltr'><strong>mea</strong></span> <span class='ocrx_word' id='word_1_13' title='bbox 353 526 402 567; x_wconf 91' lang='lat' dir='ltr'><strong>cur</strong></span> <span class='ocrx_word' id='word_1_14' title='bbox 413 508 538 586; x_wconf 80' lang='lat' dir='ltr'><strong>ingratus</strong></span> <span class='ocrx_word' id='word_1_15' title='bbox 550 507 687 587; x_wconf 87' lang='lat' dir='ltr'><strong>opuscula</strong></span> <span class='ocrx_word' id='word_1_16' title='bbox 699 506 791 565; x_wconf 91' lang='lat' dir='ltr'><strong>lector</strong></span> <span class='ocrx_word' id='word_1_17' title='bbox 1007 507 1047 570; x_wconf 77' lang='grc'><strong>35</strong></span> 
     </span>
     <span class='ocr_line' id='line_1_4' title="bbox 84 591 875 672; baseline -0.005 -18"><span class='ocrx_word' id='word_1_18' title='bbox 84 593 189 654; x_wconf 79' lang='lat' dir='ltr'><strong>laudet</strong></span> <span class='ocrx_word' id='word_1_19' title='bbox 198 601 330 672; x_wconf 87' lang='lat' dir='ltr'><strong>ametque</strong></span> <span class='ocrx_word' id='word_1_20' title='bbox 343 592 435 667; x_wconf 85' lang='lat' dir='ltr'><strong>domi,</strong></span> <span class='ocrx_word' id='word_1_21' title='bbox 450 602 556 670; x_wconf 87' lang='lat' dir='ltr'><strong>premat</strong></span> <span class='ocrx_word' id='word_1_22' title='bbox 568 602 647 653; x_wconf 76' lang='lat' dir='ltr'><strong>erma</strong></span> <span class='ocrx_word' id='word_1_23' title='bbox 657 591 742 651; x_wconf 90' lang='lat' dir='ltr'><strong>limen</strong></span> <span class='ocrx_word' id='word_1_24' title='bbox 754 591 875 669; x_wconf 83' lang='lat' dir='ltr'><strong>iniquus.</strong></span> 
     </span>
    </p>

    <p class='ocr_par' dir='ltr' id='par_1_4' title="bbox 84 675 713 756">
     <span class='ocr_line' id='line_1_5' title="bbox 84 675 713 756; baseline -0.006 -18"><span class='ocrx_word' id='word_1_25' title='bbox 84 675 147 738; x_wconf 84' lang='lat' dir='ltr'><strong>Nou</strong></span> <span class='ocrx_word' id='word_1_26' title='bbox 159 694 216 756; x_wconf 81' lang='lat' dir='ltr'><strong>ego</strong></span> <span class='ocrx_word' id='word_1_27' title='bbox 227 687 364 737; x_wconf 81' lang='lat' dir='ltr'>ventosae</span> <span class='ocrx_word' id='word_1_28' title='bbox 375 675 469 753; x_wconf 86' lang='lat' dir='ltr'><strong>plebis</strong></span> <span class='ocrx_word' id='word_1_29' title='bbox 481 678 613 755; x_wconf 76' lang='lat' dir='ltr'><strong>suffragia</strong></span> <span class='ocrx_word' id='word_1_30' title='bbox 623 693 713 736; x_wconf 84' lang='lat' dir='ltr'><strong>venor</strong></span> 
     </span>
    </p>

    <p class='ocr_par' dir='ltr' id='par_1_5' title="bbox 83 759 760 840">
     <span class='ocr_line' id='line_1_6' title="bbox 83 759 760 840; baseline -0.006 -19"><span class='ocrx_word' id='word_1_31' title='bbox 83 759 223 840; x_wconf 65' lang='lat' dir='ltr'><strong>Imtreusis</strong></span> <span class='ocrx_word' id='word_1_32' title='bbox 235 776 385 822; x_wconf 85' lang='lat' dir='ltr'><strong>coenarum</strong></span> <span class='ocrx_word' id='word_1_33' title='bbox 399 769 427 820; x_wconf 90' lang='lat' dir='ltr'><strong>et</strong></span> <span class='ocrx_word' id='word_1_34' title='bbox 438 762 519 821; x_wconf 86' lang='lat' dir='ltr'><strong>tritae</strong></span> <span class='ocrx_word' id='word_1_35' title='bbox 530 779 644 821; x_wconf 85' lang='lat' dir='ltr'><strong>munere</strong></span> <span class='ocrx_word' id='word_1_36' title='bbox 655 761 760 826; x_wconf 63' lang='lat' dir='ltr'><strong>vestim</strong></span> 
     </span>
    </p>

    <p class='ocr_par' dir='ltr' id='par_1_6' title="bbox 84 840 1048 1093">
     <span class='ocr_line' id='line_1_7' title="bbox 84 840 943 924; baseline -0.008 -19"><span class='ocrx_word' id='word_1_37' title='bbox 84 844 146 905; x_wconf 86' lang='lat' dir='ltr'><strong>Nou</strong></span> <span class='ocrx_word' id='word_1_38' title='bbox 158 863 231 924; x_wconf 81' lang='lat' dir='ltr'><strong>ego,</strong></span> <span class='ocrx_word' id='word_1_39' title='bbox 250 844 386 905; x_wconf 85' lang='lat' dir='ltr'>nobilium</span> <span class='ocrx_word' id='word_1_40' title='bbox 397 847 565 924; x_wconf 82' lang='lat' dir='ltr'><strong>scriptoram</strong></span> <span class='ocrx_word' id='word_1_41' title='bbox 577 845 687 905; x_wconf 89' lang='lat' dir='ltr'><strong>auditor</strong></span> <span class='ocrx_word' id='word_1_42' title='bbox 701 841 824 917; x_wconf 85' lang='lat' dir='ltr'><strong>etultor‚</strong></span> <span class='ocrx_word' id='word_1_43' title='bbox 937 840 943 855; x_wconf 88' lang='lat'><em>&#39;</em></span> 
     </span>
     <span class='ocr_line' id='line_1_8' title="bbox 85 922 1048 1007; baseline -0.003 -17"><span class='ocrx_word' id='word_1_44' title='bbox 85 928 281 991; x_wconf 79' lang='lat' dir='ltr'><strong>Grammaticus</strong></span> <span class='ocrx_word' id='word_1_45' title='bbox 293 928 398 988; x_wconf 89' lang='lat' dir='ltr'><strong>ambire</strong></span> <span class='ocrx_word' id='word_1_46' title='bbox 409 930 497 990; x_wconf 85' lang='lat' dir='ltr'><strong>trihus</strong></span> <span class='ocrx_word' id='word_1_47' title='bbox 512 938 541 989; x_wconf 90' lang='lat' dir='ltr'><strong>et</strong></span> <span class='ocrx_word' id='word_1_48' title='bbox 555 929 662 1007; x_wconf 86' lang='lat' dir='ltr'><strong>pulpita</strong></span> <span class='ocrx_word' id='word_1_49' title='bbox 674 928 790 1006; x_wconf 78' lang='lat' dir='ltr'><strong>dignor:</strong></span> <span class='ocrx_word' id='word_1_50' title='bbox 1006 922 1048 987; x_wconf 81' lang='grc'><strong>40</strong></span> 
     </span>
     <span class='ocr_line' id='line_1_9' title="bbox 84 1012 797 1093; baseline -0.007 -19"><span class='ocrx_word' id='word_1_51' title='bbox 84 1012 153 1074; x_wconf 83' lang='lat' dir='ltr'><strong>lliuc</strong></span> <span class='ocrx_word' id='word_1_52' title='bbox 164 1013 232 1074; x_wconf 88' lang='lat' dir='ltr'><strong>illue</strong></span> <span class='ocrx_word' id='word_1_53' title='bbox 244 1013 384 1073; x_wconf 79' lang='lat' dir='ltr'><strong>lacrimae.</strong></span> <span class='ocrx_word' id='word_1_54' title='bbox 408 1013 541 1093; x_wconf 83' lang='lat' dir='ltr'><strong>„Spissis</strong></span> <span class='ocrx_word' id='word_1_55' title='bbox 553 1013 666 1092; x_wconf 77' lang='lat' dir='ltr'><strong>indigna</strong></span> <span class='ocrx_word' id='word_1_56' title='bbox 681 1012 797 1072; x_wconf 79' lang='lat' dir='ltr'><strong>theatris</strong></span> 
     </span>
    </p>

    <p class='ocr_par' dir='ltr' id='par_1_7' title="bbox 85 1093 848 1177">
     <span class='ocr_line' id='line_1_10' title="bbox 85 1093 848 1177; baseline -0.007 -19"><span class='ocrx_word' id='word_1_57' title='bbox 85 1099 219 1175; x_wconf 72' lang='lat' dir='ltr'><strong>„Serima</strong></span> <span class='ocrx_word' id='word_1_58' title='bbox 232 1097 317 1176; x_wconf 87' lang='lat' dir='ltr'><strong>pudet</strong></span> <span class='ocrx_word' id='word_1_59' title='bbox 327 1099 449 1157; x_wconf 89' lang='lat' dir='ltr'><strong>recitare</strong></span> <span class='ocrx_word' id='word_1_60' title='bbox 461 1107 490 1158; x_wconf 90' lang='lat' dir='ltr'><strong>et</strong></span> <span class='ocrx_word' id='word_1_61' title='bbox 500 1100 583 1177; x_wconf 80' lang='lat' dir='ltr'><strong>nugis</strong></span> <span class='ocrx_word' id='word_1_62' title='bbox 596 1097 701 1158; x_wconf 79' lang='lat' dir='ltr'><strong>addere</strong></span> <span class='ocrx_word' id='word_1_63' title='bbox 713 1093 848 1175; x_wconf 87' lang='lat' dir='ltr'><strong>pondus“</strong></span> 
     </span>
    </p>

    <p class='ocr_par' dir='ltr' id='par_1_8' title="bbox 81 1179 766 1259">
     <span class='ocr_line' id='line_1_11' title="bbox 81 1179 766 1259; baseline 0 -18"><span class='ocrx_word' id='word_1_64' title='bbox 81 1179 112 1242; x_wconf 80' lang='lat' dir='ltr'><strong>&#39;st</strong></span> <span class='ocrx_word' id='word_1_65' title='bbox 125 1181 199 1252; x_wconf 79' lang='lat' dir='ltr'><strong>dixit</strong></span> <span class='ocrx_word' id='word_1_66' title='bbox 215 1181 352 1259; x_wconf 53' lang='grc' dir='ltr'><strong>’,Ιὶίἂθειι</strong></span> <span class='ocrx_word' id='word_1_67' title='bbox 363 1183 418 1256; x_wconf 84' lang='lat' dir='ltr'><strong>ait,</strong></span> <span class='ocrx_word' id='word_1_68' title='bbox 434 1191 487 1259; x_wconf 84' lang='lat' dir='ltr'><strong>„et</strong></span> <span class='ocrx_word' id='word_1_69' title='bbox 498 1180 575 1242; x_wconf 85' lang='lat' dir='ltr'><strong>Iovis</strong></span> <span class='ocrx_word' id='word_1_70' title='bbox 586 1182 766 1247; x_wconf 85' lang='lat' dir='ltr'><strong>auribusista</strong></span> 
     </span>
    </p>

    <p class='ocr_par' dir='ltr' id='par_1_9' title="bbox 85 1265 754 1347">
     <span class='ocr_line' id='line_1_12' title="bbox 85 1265 754 1347; baseline -0.003 -21"><span class='ocrx_word' id='word_1_71' title='bbox 85 1266 225 1347; x_wconf 64' lang='lat' dir='ltr'><strong>„Servum</strong></span> <span class='ocrx_word' id='word_1_72' title='bbox 245 1265 308 1325; x_wconf 88' lang='lat' dir='ltr'><strong>lidis</strong></span> <span class='ocrx_word' id='word_1_73' title='bbox 320 1266 410 1340; x_wconf 79' lang='lat' dir='ltr'><strong>euim,</strong></span> <span class='ocrx_word' id='word_1_74' title='bbox 422 1283 534 1326; x_wconf 88' lang='lat' dir='ltr'><strong>manare</strong></span> <span class='ocrx_word' id='word_1_75' title='bbox 547 1269 660 1344; x_wconf 80' lang='lat' dir='ltr'><strong>poetica</strong></span> <span class='ocrx_word' id='word_1_76' title='bbox 671 1265 754 1325; x_wconf 88' lang='lat' dir='ltr'><strong>mella</strong></span> 
     </span>
    </p>

    <p class='ocr_par' dir='ltr' id='par_1_10' title="bbox 82 1347 920 1510">
     <span class='ocr_line' id='line_1_13' title="bbox 84 1347 920 1427; baseline -0.006 -16"><span class='ocrx_word' id='word_1_77' title='bbox 84 1349 146 1427; x_wconf 82' lang='lat' dir='ltr'><strong>„Te</strong></span> <span class='ocrx_word' id='word_1_78' title='bbox 159 1349 268 1426; x_wconf 88' lang='lat' dir='ltr'><strong>solum,</strong></span> <span class='ocrx_word' id='word_1_79' title='bbox 281 1351 332 1409; x_wconf 91' lang='lat' dir='ltr'><strong>tibi</strong></span> <span class='ocrx_word' id='word_1_80' title='bbox 344 1348 497 1426; x_wconf 73' lang='lat' dir='ltr'><strong>pulcher2“</strong></span> <span class='ocrx_word' id='word_1_81' title='bbox 518 1349 563 1408; x_wconf 81' lang='lat' dir='ltr'><strong>Ad</strong></span> <span class='ocrx_word' id='word_1_82' title='bbox 574 1351 648 1410; x_wconf 88' lang='lat' dir='ltr'><strong>haec</strong></span> <span class='ocrx_word' id='word_1_83' title='bbox 659 1365 714 1427; x_wconf 81' lang='lat' dir='ltr'><strong>ego</strong></span> <span class='ocrx_word' id='word_1_84' title='bbox 726 1347 839 1408; x_wconf 84' lang='lat' dir='ltr'><strong>naribus</strong></span> <span class='ocrx_word' id='word_1_85' title='bbox 852 1348 891 1407; x_wconf 90' lang='lat' dir='ltr'><strong>uti</strong></span> <span class='ocrx_word' id='word_1_86' title='bbox 917 1376 920 1381; x_wconf 92' lang='lat'>·</span> 
     </span>
     <span class='ocr_line' id='line_1_14' title="bbox 82 1431 771 1510; baseline -0.003 -18"><span class='ocrx_word' id='word_1_87' title='bbox 82 1431 215 1495; x_wconf 85' lang='lat' dir='ltr'><strong>Formido</strong></span> <span class='ocrx_word' id='word_1_88' title='bbox 229 1442 275 1510; x_wconf 85' lang='lat' dir='ltr'><strong>et,</strong></span> <span class='ocrx_word' id='word_1_89' title='bbox 288 1433 419 1493; x_wconf 87' lang='lat' dir='ltr'><strong>luctantis</strong></span> <span class='ocrx_word' id='word_1_90' title='bbox 434 1442 518 1493; x_wconf 87' lang='lat' dir='ltr'><strong>acuto</strong></span> <span class='ocrx_word' id='word_1_91' title='bbox 532 1453 568 1493; x_wconf 90' lang='lat' dir='ltr'><strong>ne</strong></span> <span class='ocrx_word' id='word_1_92' title='bbox 580 1451 663 1492; x_wconf 88' lang='lat' dir='ltr'><strong>secer</strong></span> <span class='ocrx_word' id='word_1_93' title='bbox 675 1434 771 1509; x_wconf 79' lang='lat' dir='ltr'><strong>ungui,</strong></span> 
     </span>
    </p>

    <p class='ocr_par' dir='ltr' id='par_1_11' title="bbox 81 1515 822 1596">
     <span class='ocr_line' id='line_1_15' title="bbox 81 1515 822 1596; baseline -0.011 -17"><span class='ocrx_word' id='word_1_94' title='bbox 81 1518 248 1596; x_wconf 77' lang='lat' dir='ltr'><strong>„Displicet</strong></span> <span class='ocrx_word' id='word_1_95' title='bbox 258 1519 313 1578; x_wconf 88' lang='lat' dir='ltr'><strong>iste</strong></span> <span class='ocrx_word' id='word_1_96' title='bbox 323 1516 431 1576; x_wconf 78' lang='lat' dir='ltr'><strong>loeus“</strong></span> <span class='ocrx_word' id='word_1_97' title='bbox 442 1515 550 1594; x_wconf 85' lang='lat' dir='ltr'><strong>clamo,</strong></span> <span class='ocrx_word' id='word_1_98' title='bbox 567 1526 596 1577; x_wconf 89' lang='lat' dir='ltr'><strong>et</strong></span> <span class='ocrx_word' id='word_1_99' title='bbox 607 1516 710 1576; x_wconf 89' lang='lat' dir='ltr'><strong>diludia</strong></span> <span class='ocrx_word' id='word_1_100' title='bbox 721 1527 822 1593; x_wconf 84' lang='lat' dir='ltr'><strong>poseo.</strong></span> 
     </span>
    </p>

    <p class='ocr_par' dir='ltr' id='par_1_12' title="bbox 77 1598 806 1680">
     <span class='ocr_line' id='line_1_16' title="bbox 77 1598 806 1680; baseline -0.008 -17"><span class='ocrx_word' id='word_1_101' title='bbox 77 1598 174 1663; x_wconf 77' lang='lat' dir='ltr'><strong>ludus</strong></span> <span class='ocrx_word' id='word_1_102' title='bbox 186 1603 260 1662; x_wconf 89' lang='lat' dir='ltr'><strong>euim</strong></span> <span class='ocrx_word' id='word_1_103' title='bbox 271 1605 369 1680; x_wconf 81' lang='lat' dir='ltr'><strong>genuit</strong></span> <span class='ocrx_word' id='word_1_104' title='bbox 383 1601 522 1679; x_wconf 86' lang='lat' dir='ltr'><strong>trepidum</strong></span> <span class='ocrx_word' id='word_1_105' title='bbox 534 1611 674 1661; x_wconf 82' lang='lat' dir='ltr'><strong>certamen</strong></span> <span class='ocrx_word' id='word_1_106' title='bbox 689 1609 717 1659; x_wconf 90' lang='lat' dir='ltr'><strong>et</strong></span> <span class='ocrx_word' id='word_1_107' title='bbox 729 1602 806 1674; x_wconf 88' lang='lat' dir='ltr'><strong>imm,</strong></span> 
     </span>
    </p>

    <p class='ocr_par' dir='ltr' id='par_1_13' title="bbox 73 1681 694 1749">
     <span class='ocr_line' id='line_1_17' title="bbox 73 1681 694 1749; baseline -0.008 -1"><span class='ocrx_word' id='word_1_108' title='bbox 73 1681 123 1749; x_wconf 83' lang='lat' dir='ltr'><strong>lra</strong></span> <span class='ocrx_word' id='word_1_109' title='bbox 135 1694 232 1747; x_wconf 84' lang='lat' dir='ltr'><strong>truces</strong></span> <span class='ocrx_word' id='word_1_110' title='bbox 243 1688 400 1747; x_wconf 83' lang='lat' dir='ltr'><strong>inimicitias</strong></span> <span class='ocrx_word' id='word_1_111' title='bbox 412 1695 440 1745; x_wconf 90' lang='lat' dir='ltr'><strong>et</strong></span> <span class='ocrx_word' id='word_1_112' title='bbox 451 1685 569 1746; x_wconf 88' lang='lat' dir='ltr'><strong>iunebre</strong></span> <span class='ocrx_word' id='word_1_113' title='bbox 579 1684 694 1744; x_wconf 85' lang='lat' dir='ltr'><strong>bellum.</strong></span> 
     </span>
    </p>
   </div>
   <div class='ocr_carea' id='block_1_3' title="bbox 302 2041 824 2209">
    <p class='ocr_par' dir='ltr' id='par_1_14' title="bbox 302 2041 824 2209">
     <span class='ocr_line' id='line_1_18' title="bbox 393 2041 731 2101; baseline -0.015 0"><span class='ocrx_word' id='word_1_114' title='bbox 393 2041 731 2101; x_wconf 75' lang='lat' dir='ltr'><strong>mursmomaxx.</strong></span> 
     </span>
     <span class='ocr_line' id='line_1_19' title="bbox 302 2143 824 2209; baseline 0.002 -13"><span class='ocrx_word' id='word_1_115' title='bbox 302 2144 366 2196; x_wconf 83' lang='lat' dir='ltr'><strong>ua</strong></span> <span class='ocrx_word' id='word_1_116' title='bbox 401 2144 626 2209; x_wconf 81' lang='lat' dir='ltr'><strong>casuum</strong></span> <span class='ocrx_word' id='word_1_117' title='bbox 661 2143 824 2198; x_wconf 85' lang='lat' dir='ltr'><strong>suum.</strong></span> 
     </span>
    </p>
   </div>
   <div class='ocr_carea' id='block_1_4' title="bbox 72 2262 1044 3435">
    <p class='ocr_par' dir='ltr' id='par_1_15' title="bbox 73 2262 824 2344">
     <span class='ocr_line' id='line_1_20' title="bbox 73 2262 824 2344; baseline -0.003 -18"><span class='ocrx_word' id='word_1_118' title='bbox 73 2262 261 2326; x_wconf 78' lang='lat' dir='ltr'><strong>Vertumnum</strong></span> <span class='ocrx_word' id='word_1_119' title='bbox 271 2263 439 2344; x_wconf 84' lang='lat' dir='ltr'><strong>Ianumque,</strong></span> <span class='ocrx_word' id='word_1_120' title='bbox 456 2266 543 2340; x_wconf 87' lang='lat' dir='ltr'><strong>liber,</strong></span> <span class='ocrx_word' id='word_1_121' title='bbox 563 2272 694 2342; x_wconf 86' lang='lat' dir='ltr'><strong>spectare</strong></span> <span class='ocrx_word' id='word_1_122' title='bbox 707 2264 824 2340; x_wconf 82' lang='lat' dir='ltr'><strong>videris,</strong></span> 
     </span>
    </p>

    <p class='ocr_par' dir='ltr' id='par_1_16' title="bbox 72 2347 781 2427">
     <span class='ocr_line' id='line_1_21' title="bbox 72 2347 781 2427; baseline -0.003 -17"><span class='ocrx_word' id='word_1_123' title='bbox 72 2348 197 2410; x_wconf 85' lang='lat' dir='ltr'><strong>Scilicet</strong></span> <span class='ocrx_word' id='word_1_124' title='bbox 208 2356 238 2407; x_wconf 95' lang='lat' dir='ltr'><strong>ut</strong></span> <span class='ocrx_word' id='word_1_125' title='bbox 249 2358 362 2427; x_wconf 86' lang='lat' dir='ltr'><strong>prostes</strong></span> <span class='ocrx_word' id='word_1_126' title='bbox 373 2349 519 2408; x_wconf 86' lang='lat' dir='ltr'><strong>Sosiorum</strong></span> <span class='ocrx_word' id='word_1_127' title='bbox 531 2349 643 2426; x_wconf 81' lang='lat' dir='ltr'><strong>pumice</strong></span> <span class='ocrx_word' id='word_1_128' title='bbox 654 2347 781 2408; x_wconf 85' lang='lat' dir='ltr'><strong>mundus.</strong></span> 
     </span>
    </p>

    <p class='ocr_par' dir='ltr' id='par_1_17' title="bbox 72 2432 641 2511">
     <span class='ocr_line' id='line_1_22' title="bbox 72 2432 641 2511; baseline -0.009 -17"><span class='ocrx_word' id='word_1_129' title='bbox 72 2432 171 2494; x_wconf 82' lang='lat' dir='ltr'><strong>Odisti</strong></span> <span class='ocrx_word' id='word_1_130' title='bbox 183 2432 278 2492; x_wconf 84' lang='lat' dir='ltr'><strong>claves</strong></span> <span class='ocrx_word' id='word_1_131' title='bbox 290 2442 320 2493; x_wconf 89' lang='lat' dir='ltr'><strong>et</strong></span> <span class='ocrx_word' id='word_1_132' title='bbox 329 2442 408 2511; x_wconf 77' lang='lat' dir='ltr'><strong>grata</strong></span> <span class='ocrx_word' id='word_1_133' title='bbox 420 2432 512 2511; x_wconf 84' lang='lat' dir='ltr'><strong>sigilla</strong></span> <span class='ocrx_word' id='word_1_134' title='bbox 523 2432 641 2510; x_wconf 88' lang='lat' dir='ltr'><strong>pudieo;</strong></span> 
     </span>
    </p>

    <p class='ocr_par' dir='ltr' id='par_1_18' title="bbox 72 2513 723 2594">
     <span class='ocr_line' id='line_1_23' title="bbox 72 2513 723 2594; baseline -0.003 -18"><span class='ocrx_word' id='word_1_135' title='bbox 72 2513 179 2578; x_wconf 79' lang='lat' dir='ltr'><strong>Paucis</strong></span> <span class='ocrx_word' id='word_1_136' title='bbox 191 2516 301 2576; x_wconf 88' lang='lat' dir='ltr'><strong>ostendi</strong></span> <span class='ocrx_word' id='word_1_137' title='bbox 312 2519 403 2594; x_wconf 80' lang='lat' dir='ltr'><strong>gemis</strong></span> <span class='ocrx_word' id='word_1_138' title='bbox 414 2527 443 2578; x_wconf 91' lang='lat' dir='ltr'><strong>et</strong></span> <span class='ocrx_word' id='word_1_139' title='bbox 455 2514 723 2591; x_wconf 84' lang='lat' dir='ltr'><strong>communialaudas,</strong></span> 
     </span>
    </p>

    <p class='ocr_par' dir='ltr' id='par_1_19' title="bbox 72 2597 830 2680">
     <span class='ocr_line' id='line_1_24' title="bbox 72 2597 830 2680; baseline -0.007 -19"><span class='ocrx_word' id='word_1_140' title='bbox 72 2598 141 2661; x_wconf 78' lang='lat' dir='ltr'><strong>lion</strong></span> <span class='ocrx_word' id='word_1_141' title='bbox 153 2603 191 2661; x_wconf 86' lang='lat' dir='ltr'><strong>ita</strong></span> <span class='ocrx_word' id='word_1_142' title='bbox 201 2602 330 2661; x_wconf 87' lang='lat' dir='ltr'><strong>nutritus.</strong></span> <span class='ocrx_word' id='word_1_143' title='bbox 353 2600 449 2680; x_wconf 78' lang='lat' dir='ltr'><strong>Fuge,</strong></span> <span class='ocrx_word' id='word_1_144' title='bbox 467 2617 524 2679; x_wconf 86' lang='lat' dir='ltr'><strong>quo</strong></span> <span class='ocrx_word' id='word_1_145' title='bbox 539 2597 716 2660; x_wconf 86' lang='lat' dir='ltr'><strong>descendere</strong></span> <span class='ocrx_word' id='word_1_146' title='bbox 726 2600 830 2675; x_wconf 82' lang='lat' dir='ltr'><strong>gestis:</strong></span> 
     </span>
    </p>

    <p class='ocr_par' dir='ltr' id='par_1_20' title="bbox 72 2681 842 2762">
     <span class='ocr_line' id='line_1_25' title="bbox 72 2681 842 2762; baseline -0.012 -18"><span class='ocrx_word' id='word_1_147' title='bbox 72 2681 142 2745; x_wconf 86' lang='lat' dir='ltr'><strong>Nou</strong></span> <span class='ocrx_word' id='word_1_148' title='bbox 154 2685 207 2744; x_wconf 89' lang='lat' dir='ltr'><strong>erit</strong></span> <span class='ocrx_word' id='word_1_149' title='bbox 218 2686 323 2745; x_wconf 85' lang='lat' dir='ltr'><strong>emisso</strong></span> <span class='ocrx_word' id='word_1_150' title='bbox 336 2685 442 2746; x_wconf 88' lang='lat' dir='ltr'><strong>reditus</strong></span> <span class='ocrx_word' id='word_1_151' title='bbox 457 2686 517 2745; x_wconf 92' lang='lat' dir='ltr'><strong>tibi.</strong></span> <span class='ocrx_word' id='word_1_152' title='bbox 541 2682 641 2762; x_wconf 83' lang='lat' dir='ltr'><strong>„Quid</strong></span> <span class='ocrx_word' id='word_1_153' title='bbox 651 2683 737 2741; x_wconf 88' lang='lat' dir='ltr'><strong>miser</strong></span> <span class='ocrx_word' id='word_1_154' title='bbox 749 2681 815 2758; x_wconf 74' lang='lat' dir='ltr'><strong>egi?</strong></span> <span class='ocrx_word' id='word_1_155' title='bbox 839 2730 842 2735; x_wconf 80' lang='grc'><strong><em>,</em></strong></span> 
     </span>
    </p>

    <p class='ocr_par' dir='ltr' id='par_1_21' title="bbox 74 2765 844 2848">
     <span class='ocr_line' id='line_1_26' title="bbox 74 2765 844 2848; baseline -0.005 -20"><span class='ocrx_word' id='word_1_156' title='bbox 74 2767 181 2846; x_wconf 83' lang='lat' dir='ltr'><strong>„Quid</strong></span> <span class='ocrx_word' id='word_1_157' title='bbox 194 2765 296 2829; x_wconf 82' lang='lat' dir='ltr'><strong>volui?</strong></span> <span class='ocrx_word' id='word_1_158' title='bbox 316 2768 413 2846; x_wconf 85' lang='lat' dir='ltr'><strong>dices,</strong></span> <span class='ocrx_word' id='word_1_159' title='bbox 427 2770 475 2830; x_wconf 92' lang='lat' dir='ltr'><strong>ubi</strong></span> <span class='ocrx_word' id='word_1_160' title='bbox 486 2771 549 2848; x_wconf 88' lang='lat' dir='ltr'><strong>quis</strong></span> <span class='ocrx_word' id='word_1_161' title='bbox 561 2777 590 2829; x_wconf 91' lang='lat' dir='ltr'><strong>te</strong></span> <span class='ocrx_word' id='word_1_162' title='bbox 601 2767 733 2834; x_wconf 87' lang='lat' dir='ltr'><strong>laeserit;</strong></span> <span class='ocrx_word' id='word_1_163' title='bbox 747 2773 775 2824; x_wconf 91' lang='lat' dir='ltr'><strong>et</strong></span> <span class='ocrx_word' id='word_1_164' title='bbox 787 2767 844 2825; x_wconf 86' lang='lat' dir='ltr'><strong>seis</strong></span> 
     </span>
    </p>

    <p class='ocr_par' dir='ltr' id='par_1_22' title="bbox 72 2849 781 2936">
     <span class='ocr_line' id='line_1_27' title="bbox 72 2849 781 2936; baseline -0.004 -24"><span class='ocrx_word' id='word_1_165' title='bbox 72 2849 108 2914; x_wconf 87' lang='lat' dir='ltr'><strong>Iu</strong></span> <span class='ocrx_word' id='word_1_166' title='bbox 118 2853 209 2936; x_wconf 67' lang='lat' dir='ltr'><strong>breue</strong></span> <span class='ocrx_word' id='word_1_167' title='bbox 219 2860 248 2913; x_wconf 90' lang='lat' dir='ltr'><strong>te</strong></span> <span class='ocrx_word' id='word_1_168' title='bbox 260 2855 342 2931; x_wconf 74' lang='lat' dir='ltr'><strong>cogi,</strong></span> <span class='ocrx_word' id='word_1_169' title='bbox 356 2852 530 2931; x_wconf 83' lang='lat' dir='ltr'><strong>complemus</strong></span> <span class='ocrx_word' id='word_1_170' title='bbox 543 2852 657 2928; x_wconf 83' lang='lat' dir='ltr'><strong>languet</strong></span> <span class='ocrx_word' id='word_1_171' title='bbox 666 2857 781 2910; x_wconf 87' lang='lat' dir='ltr'><strong>amator.</strong></span> 
     </span>
    </p>

    <p class='ocr_par' dir='ltr' id='par_1_23' title="bbox 76 2934 1044 3268">
     <span class='ocr_line' id='line_1_28' title="bbox 76 2934 1017 3015; baseline -0.009 -18"><span class='ocrx_word' id='word_1_172' title='bbox 76 2934 163 3010; x_wconf 79' lang='lat' dir='ltr'><strong>Quod</strong></span> <span class='ocrx_word' id='word_1_173' title='bbox 175 2938 200 2996; x_wconf 84' lang='lat' dir='ltr'><strong>si</strong></span> <span class='ocrx_word' id='word_1_174' title='bbox 211 2953 268 2998; x_wconf 85' lang='lat' dir='ltr'><strong>nou</strong></span> <span class='ocrx_word' id='word_1_175' title='bbox 280 2937 346 2998; x_wconf 90' lang='lat' dir='ltr'><strong>odio</strong></span> <span class='ocrx_word' id='word_1_176' title='bbox 359 2938 503 3015; x_wconf 88' lang='lat' dir='ltr'><strong>peccantis</strong></span> <span class='ocrx_word' id='word_1_177' title='bbox 516 2936 620 3014; x_wconf 82' lang='lat' dir='ltr'><strong>desipit</strong></span> <span class='ocrx_word' id='word_1_178' title='bbox 632 2953 731 3013; x_wconf 79' lang='lat' dir='ltr'><strong>augur,</strong></span> <span class='ocrx_word' id='word_1_179' title='bbox 1015 2984 1017 2989; x_wconf 16' lang='grc' dir='ltr'><em>Α</em></span> 
     </span>
     <span class='ocr_line' id='line_1_29' title="bbox 78 3018 1044 3098; baseline -0.003 -17"><span class='ocrx_word' id='word_1_180' title='bbox 78 3018 169 3085; x_wconf 80' lang='lat' dir='ltr'><strong>Carus</strong></span> <span class='ocrx_word' id='word_1_181' title='bbox 181 3023 238 3082; x_wconf 87' lang='lat' dir='ltr'><strong>cris</strong></span> <span class='ocrx_word' id='word_1_182' title='bbox 249 3021 376 3098; x_wconf 82' lang='lat' dir='ltr'><strong>Romae,</strong></span> <span class='ocrx_word' id='word_1_183' title='bbox 396 3020 487 3081; x_wconf 87' lang='lat' dir='ltr'><strong>donec</strong></span> <span class='ocrx_word' id='word_1_184' title='bbox 498 3030 526 3081; x_wconf 90' lang='lat' dir='ltr'><strong>te</strong></span> <span class='ocrx_word' id='word_1_185' title='bbox 538 3019 643 3080; x_wconf 88' lang='lat' dir='ltr'><strong>deserit</strong></span> <span class='ocrx_word' id='word_1_186' title='bbox 661 3028 753 3080; x_wconf 69' lang='lat' dir='ltr'><strong>aetas:</strong></span> <span class='ocrx_word' id='word_1_187' title='bbox 1007 3019 1044 3079; x_wconf 85' lang='lat'><strong>10</strong></span> 
     </span>
     <span class='ocr_line' id='line_1_30' title="bbox 78 3094 1001 3182; baseline -0.003 -18"><span class='ocrx_word' id='word_1_188' title='bbox 78 3101 277 3177; x_wconf 72' lang='lat' dir='ltr'><strong>contrectatus</strong></span> <span class='ocrx_word' id='word_1_189' title='bbox 289 3108 337 3167; x_wconf 92' lang='lat' dir='ltr'><strong>ubi</strong></span> <span class='ocrx_word' id='word_1_190' title='bbox 353 3106 479 3166; x_wconf 88' lang='lat' dir='ltr'><strong>manibus</strong></span> <span class='ocrx_word' id='word_1_191' title='bbox 491 3105 662 3164; x_wconf 87' lang='lat' dir='ltr'><strong>sordescere</strong></span> <span class='ocrx_word' id='word_1_192' title='bbox 673 3103 750 3182; x_wconf 81' lang='lat' dir='ltr'><strong>vulgi</strong></span> <span class='ocrx_word' id='word_1_193' title='bbox 990 3094 1001 3107; x_wconf 76' lang='lat'><strong><em>‘</em></strong></span> 
     </span>
     <span class='ocr_line' id='line_1_31' title="bbox 77 3186 810 3268; baseline -0.005 -20"><span class='ocrx_word' id='word_1_194' title='bbox 77 3186 235 3268; x_wconf 76' lang='lat' dir='ltr'><strong>coeperis,</strong></span> <span class='ocrx_word' id='word_1_195' title='bbox 253 3199 300 3251; x_wconf 90' lang='lat' dir='ltr'><strong>aut</strong></span> <span class='ocrx_word' id='word_1_196' title='bbox 311 3193 403 3252; x_wconf 88' lang='lat' dir='ltr'><strong>tineas</strong></span> <span class='ocrx_word' id='word_1_197' title='bbox 414 3207 517 3267; x_wconf 81' lang='lat' dir='ltr'><strong>pasces</strong></span> <span class='ocrx_word' id='word_1_198' title='bbox 529 3191 682 3249; x_wconf 87' lang='lat' dir='ltr'><strong>taciturnus</strong></span> <span class='ocrx_word' id='word_1_199' title='bbox 694 3189 810 3260; x_wconf 85' lang='lat' dir='ltr'><strong>inertes,</strong></span> 
     </span>
    </p>

    <p class='ocr_par' dir='ltr' id='par_1_24' title="bbox 76 3263 831 3352">
     <span class='ocr_line' id='line_1_32' title="bbox 76 3263 831 3352; baseline -0.007 -20"><span class='ocrx_word' id='word_1_200' title='bbox 76 3272 134 3333; x_wconf 78' lang='lat' dir='ltr'><strong>Aut</strong></span> <span class='ocrx_word' id='word_1_201' title='bbox 147 3274 241 3352; x_wconf 73' lang='lat' dir='ltr'><strong>iugies</strong></span> <span class='ocrx_word' id='word_1_202' title='bbox 253 3274 377 3351; x_wconf 84' lang='lat' dir='ltr'><strong>Uticam,</strong></span> <span class='ocrx_word' id='word_1_203' title='bbox 395 3284 441 3336; x_wconf 92' lang='lat' dir='ltr'><strong>aut</strong></span> <span class='ocrx_word' id='word_1_204' title='bbox 452 3275 563 3333; x_wconf 83' lang='lat' dir='ltr'><strong>vinetus</strong></span> <span class='ocrx_word' id='word_1_205' title='bbox 574 3274 692 3332; x_wconf 90' lang='lat' dir='ltr'><strong>mitteris</strong></span> <span class='ocrx_word' id='word_1_206' title='bbox 704 3263 831 3330; x_wconf 84' lang='lat' dir='ltr'><strong>ilerdam.</strong></span> 
     </span>
    </p>

    <p class='ocr_par' dir='ltr' id='par_1_25' title="bbox 76 3355 684 3435">
     <span class='ocr_line' id='line_1_33' title="bbox 76 3355 684 3435; baseline -0.01 -16"><span class='ocrx_word' id='word_1_207' title='bbox 76 3355 191 3419; x_wconf 79' lang='lat' dir='ltr'><strong>Ridebit</strong></span> <span class='ocrx_word' id='word_1_208' title='bbox 202 3360 324 3420; x_wconf 87' lang='lat' dir='ltr'><strong>monitor</strong></span> <span class='ocrx_word' id='word_1_209' title='bbox 333 3375 390 3420; x_wconf 85' lang='lat' dir='ltr'><strong>notu</strong></span> <span class='ocrx_word' id='word_1_210' title='bbox 402 3357 565 3435; x_wconf 85' lang='lat' dir='ltr'><strong>exauditus,</strong></span> <span class='ocrx_word' id='word_1_211' title='bbox 583 3366 613 3415; x_wconf 90' lang='lat' dir='ltr'><strong>ut</strong></span> <span class='ocrx_word' id='word_1_212' title='bbox 625 3355 684 3430; x_wconf 88' lang='lat' dir='ltr'><strong>ille,</strong></span> 
     </span>
    </p>
   </div>
   <div class='ocr_carea' id='block_1_5' title="bbox 0 0 1138 3878">
    <p class='ocr_par' dir='ltr' id='par_1_26' title="bbox 0 0 1138 3878">
     <span class='ocr_line' id='line_1_34' title="bbox 0 0 1138 3878; baseline 0 0"><span class='ocrx_word' id='word_1_213' title='bbox 0 0 1138 3878; x_wconf 95' lang='lat' dir='ltr'><strong> </strong></span> 
     </span>
    </p>
   </div>
  </div>
 </body>
</html>
