2266 3878
6 3520 137 3652 Α

528 271 727 334 ΟΑΒΜΙΝΠΜ

271 427 353 506 „lam
367 444 421 486 nec
432 424 576 486 Lacaenae
587 424 718 503 splendet
729 416 872 486 adulterae

272 511 433 590 „Famosus
444 512 551 587 hospes
563 527 616 568 nec
631 507 731 567 Priami
743 509 848 569 ‚domus

325 595 462 673 „Periura
477 611 622 671 pugnaces
630 592 760 676 ¹Achivos

377 673 552 755 „Hectoreis
566 676 668 754 opibus
684 676 825 754 refringit,
882 670 889 680 '

273 802 467 881 „Nostrisque
481 801 594 861 ductum
609 801 795 860 seditionibus

269 887 402 965 „Bellum
413 885 529 945 resedit.
552 884 681 944 Protinus
695 887 844 962 etgraves

322 969 405 1048 „Irae
417 978 445 1028 et
460 971 580 1028 invisum
591 977 735 1046 nepotem,

377 1051 504 1132 „Troica
519 1071 602 1131 quem
614 1055 727 1130 peperit
739 1051 885 1129 sacerdos,

273 1178 377 1254 „lilarti
388 1177 549 1245 redonaho;
572 1175 651 1234 illum
668 1193 723 1252 ego
737 1175 845 1235 lucidas

275 1263 372 1338 „lnire
389 1258 485 1336 sedes,
499 1259 606 1319 ducere
615 1261 736 1318 nectaris

326 1344 443 1423 „Sucos
456 1353 483 1402 et
495 1343 617 1403 adscribi
632 1344 734 1421 quietis

377 1426 552 1506 „Ordinibus
569 1428 658 1514 patiar
673 1426 797 1486 deorum.

272 1563 369 1643 „Dum
380 1563 483 1640 longus
498 1564 571 1621 inter
586 1565 693 1621 saeviat
707 1559 779 1618 llicn

272 1648 471 1726 „Romamque
486 1650 599 1724 pontus,
616 1643 741 1723 qualibet
752 1641 866 1708 exsules
942 1642 943 1645 ’

322 1729 379 1809 „ln
391 1740 470 1809 parte
486 1738 624 1806 regnanto
637 1728 727 1794 beati;

288 1819 289 1822 ’
376 1813 474 1890 „Dum
485 1810 585 1870 Priami
604 1809 767 1888 Paridisque
785 1811 869 1892 busto

270 1937 413 2016 „Insultet
427 1944 580 2009 armentum
591 1945 619 1994 et
634 1935 743 1995 catulos
755 1937 833 1996 ferae

273 2020 400 2099 „Celent
412 2019 528 2095 inultae,
543 2028 599 2078 stet
616 2017 787 2097 Capitolium

255 2181 256 2184 Ἴ
321 2103 469 2182 „Fulgens
486 2103 722 2182 triumphatisque
736 2105 829 2182 possit

319 2248 326 2255 ,
355 2187 469 2266 „Roma
481 2187 564 2247 ferox
576 2186 642 2247 dare
655 2190 715 2248 iura
726 2187 829 2247 llledis.

271 2329 440 2408 „Horrenda
451 2329 507 2391 late
522 2349 623 2390 nomen
640 2334 667 2391 in
683 2332 792 2392 ultimas

271 2413 433 2494 „Eptendat
445 2432 521 2491 oras,
537 2433 591 2493 qua
603 2417 712 2475 medius
730 2415 825 2496 liquor

223 2510 225 2517 ’
320 2499 475 2575 „Secernit
488 2497 626 2577 Europen
641 2501 676 2560 ab
687 2500 769 2575 Afro,

314 2624 321 2636 χ
376 2581 464 2659 „Qua
478 2583 600 2643 tumidus
618 2587 690 2662 rigat
704 2601 770 2642 arva
787 2581 880 2660 Nilus,

225 2746 231 2764 .
266 2713 401 2796 „Aurum
414 2725 583 2801 inrepertum
595 2733 624 2783 et
641 2725 684 2781 sic
696 2721 797 2781 melius
813 2708 923 2800 situm,

270 2802 367 2880 „Cum
378 2815 452 2866 terra
466 2807 550 2883 celat,
563 2823 701 2884 spernere
714 2805 815 2865 fortior

321 2887 438 2964 „Quam
451 2907 558 2966 cogere
570 2891 707 2953 humanos
719 2890 747 2948 in
761 2908 828 2950 usus

376 2972 491 3048 „Omne
506 2991 618 3032 sacrum
634 2974 761 3050 rapiente
777 2973 885 3036 dextra.

272 3112 468 3193 „Quicunque
480 3114 584 3175 mundo
596 3117 731 3175 terminus
744 3117 865 3193 obstitit,

272 3195 377 3275 „Hunc
390 3207 486 3275 tanget
504 3202 599 3276 annis,
615 3202 710 3258 visere
721 3202 859 3277 gestiens,

322 3280 410 3359 „Qua
425 3292 505 3359 parte
518 3283 726 3358 debacchentur
736 3285 829 3360 ignes,

376 3364 462 3442 „Qua
476 3367 603 3433 nebulae¹
612 3366 756 3445 pluviique
765 3385 861 3427 rores,
