<?xml version="1.0" encoding="UTF-8"?>
<!DOCTYPE html PUBLIC "-//W3C//DTD XHTML 1.0 Transitional//EN"
    "http://www.w3.org/TR/xhtml1/DTD/xhtml1-transitional.dtd">
<html xmlns="http://www.w3.org/1999/xhtml" xml:lang="en" lang="en">
 <head>
  <title>
</title>
<meta http-equiv="Content-Type" content="text/html;charset=utf-8" />
  <meta name='ocr-system' content='tesseract 3.04.00' />
  <meta name='ocr-capabilities' content='ocr_page ocr_carea ocr_par ocr_line ocrx_word'/>
</head>
<body>
  <div class='ocr_page' id='page_1' title='image "./qhoratiiflaccio00schmgoog_0270.png"; bbox 0 0 2266 3878; ppageno 0'>
   <div class='ocr_carea' id='block_1_1' title="bbox 89 276 1060 362">
    <p class='ocr_par' dir='ltr' id='par_1_1' title="bbox 89 276 1060 362">
     <span class='ocr_line' id='line_1_1' title="bbox 89 276 1060 362; baseline 0.001 -22"><span class='ocrx_word' id='word_1_1' title='bbox 89 281 245 362; x_wconf 65' lang='lat' dir='ltr'>[apocal</span> <span class='ocrx_word' id='word_1_2' title='bbox 493 277 602 338; x_wconf 82' lang='lat' dir='ltr'>urar</span> <span class='ocrx_word' id='word_1_3' title='bbox 616 276 653 336; x_wconf 90' lang='lat' dir='ltr'>u.</span> <span class='ocrx_word' id='word_1_4' title='bbox 997 276 1060 341; x_wconf 78' lang='lat' dir='ltr'>aaa</span> 
     </span>
    </p>
   </div>
   <div class='ocr_carea' id='block_1_2' title="bbox 70 428 1064 3435">
    <p class='ocr_par' dir='ltr' id='par_1_2' title="bbox 88 428 735 512">
     <span class='ocr_line' id='line_1_2' title="bbox 88 428 735 512; baseline -0.011 -17"><span class='ocrx_word' id='word_1_5' title='bbox 88 433 256 512; x_wconf 86' lang='lat' dir='ltr'>Interpres,</span> <span class='ocrx_word' id='word_1_6' title='bbox 272 448 326 491; x_wconf 91' lang='lat' dir='ltr'>nee</span> <span class='ocrx_word' id='word_1_7' title='bbox 337 428 455 490; x_wconf 81' lang='lat' dir='ltr'>desilies</span> <span class='ocrx_word' id='word_1_8' title='bbox 467 433 587 490; x_wconf 80' lang='lat' dir='ltr'><strong>imitator</strong></span> <span class='ocrx_word' id='word_1_9' title='bbox 598 431 625 488; x_wconf 94' lang='lat' dir='ltr'>in</span> <span class='ocrx_word' id='word_1_10' title='bbox 637 438 735 505; x_wconf 88' lang='lat' dir='ltr'>artum,</span> 
     </span>
    </p>

    <p class='ocr_par' dir='ltr' id='par_1_3' title="bbox 90 511 1058 927">
     <span class='ocr_line' id='line_1_3' title="bbox 90 511 1058 595; baseline -0.007 -16"><span class='ocrx_word' id='word_1_11' title='bbox 90 517 174 579; x_wconf 83' lang='lat' dir='ltr'>Unde</span> <span class='ocrx_word' id='word_1_12' title='bbox 185 515 289 595; x_wconf 87' lang='lat' dir='ltr'>pedem</span> <span class='ocrx_word' id='word_1_13' title='bbox 300 513 430 593; x_wconf 88' lang='lat' dir='ltr'>proferre</span> <span class='ocrx_word' id='word_1_14' title='bbox 441 514 532 592; x_wconf 94' lang='lat' dir='ltr'>pudor</span> <span class='ocrx_word' id='word_1_15' title='bbox 542 522 619 573; x_wconf 90' lang='lat' dir='ltr'>vetet</span> <span class='ocrx_word' id='word_1_16' title='bbox 631 522 678 573; x_wconf 87' lang='lat' dir='ltr'>aut</span> <span class='ocrx_word' id='word_1_17' title='bbox 689 513 785 590; x_wconf 89' lang='lat' dir='ltr'>operis</span> <span class='ocrx_word' id='word_1_18' title='bbox 800 511 856 573; x_wconf 85' lang='lat' dir='ltr'>lex.</span> <span class='ocrx_word' id='word_1_19' title='bbox 999 518 1058 579; x_wconf 81' lang='lat'>135</span> 
     </span>
     <span class='ocr_line' id='line_1_4' title="bbox 91 596 778 677; baseline -0.012 -14"><span class='ocrx_word' id='word_1_20' title='bbox 91 601 156 662; x_wconf 87' lang='lat' dir='ltr'>Nec</span> <span class='ocrx_word' id='word_1_21' title='bbox 171 602 215 660; x_wconf 86' lang='lat' dir='ltr'>sic</span> <span class='ocrx_word' id='word_1_22' title='bbox 229 600 365 677; x_wconf 79' lang='lat' dir='ltr'>incipies,</span> <span class='ocrx_word' id='word_1_23' title='bbox 385 607 415 658; x_wconf 91' lang='lat' dir='ltr'>ut</span> <span class='ocrx_word' id='word_1_24' title='bbox 426 600 547 676; x_wconf 75' lang='lat' dir='ltr'>scriptor</span> <span class='ocrx_word' id='word_1_25' title='bbox 558 597 683 673; x_wconf 78' lang='lat' dir='ltr'>cyclicus</span> <span class='ocrx_word' id='word_1_26' title='bbox 695 596 778 656; x_wconf 92' lang='lat' dir='ltr'>olim:</span> 
     </span>
     <span class='ocr_line' id='line_1_5' title="bbox 93 681 858 762; baseline -0.007 -16"><span class='ocrx_word' id='word_1_27' title='bbox 93 682 283 762; x_wconf 78' lang='lat' dir='ltr'><em>„Fortunam</em></span> <span class='ocrx_word' id='word_1_28' title='bbox 294 681 410 743; x_wconf 77' lang='lat' dir='ltr'>Priami</span> <span class='ocrx_word' id='word_1_29' title='bbox 423 684 554 744; x_wconf 77' lang='lat' dir='ltr'><em>cantabo</em></span> <span class='ocrx_word' id='word_1_30' title='bbox 567 689 596 743; x_wconf 86' lang='lat' dir='ltr'>et</span> <span class='ocrx_word' id='word_1_31' title='bbox 609 681 706 742; x_wconf 82' lang='lat' dir='ltr'>ooba‘lo</span> <span class='ocrx_word' id='word_1_32' title='bbox 717 681 858 743; x_wconf 78' lang='lat' dir='ltr'>badcm.“</span> 
     </span>
     <span class='ocr_line' id='line_1_6' title="bbox 95 761 802 845; baseline -0.006 -17"><span class='ocrx_word' id='word_1_33' title='bbox 95 767 170 842; x_wconf 76' lang='lat' dir='ltr'>outo</span> <span class='ocrx_word' id='word_1_34' title='bbox 183 767 297 845; x_wconf 81' lang='lat' dir='ltr'>dignum</span> <span class='ocrx_word' id='word_1_35' title='bbox 307 775 384 826; x_wconf 88' lang='lat' dir='ltr'>tanto</span> <span class='ocrx_word' id='word_1_36' title='bbox 396 767 469 827; x_wconf 87' lang='lat' dir='ltr'>leret</span> <span class='ocrx_word' id='word_1_37' title='bbox 480 768 526 826; x_wconf 89' lang='lat' dir='ltr'>hic</span> <span class='ocrx_word' id='word_1_38' title='bbox 540 767 696 843; x_wconf 90' lang='lat' dir='ltr'>promissor</span> <span class='ocrx_word' id='word_1_39' title='bbox 706 761 802 825; x_wconf 76' lang='lat' dir='ltr'>hiatui</span> 
     </span>
     <span class='ocr_line' id='line_1_7' title="bbox 94 848 759 927; baseline -0.011 -14"><span class='ocrx_word' id='word_1_40' title='bbox 94 852 250 913; x_wconf 85' lang='lat' dir='ltr'>Parturient</span> <span class='ocrx_word' id='word_1_41' title='bbox 260 858 389 927; x_wconf 91' lang='lat' dir='ltr'>montes,</span> <span class='ocrx_word' id='word_1_42' title='bbox 402 860 534 917; x_wconf 84' lang='lat' dir='ltr'>nascetur</span> <span class='ocrx_word' id='word_1_43' title='bbox 544 848 679 910; x_wconf 90' lang='lat' dir='ltr'>ridiculus</span> <span class='ocrx_word' id='word_1_44' title='bbox 688 867 759 907; x_wconf 88' lang='lat' dir='ltr'>mus.</span> 
     </span>
    </p>

    <p class='ocr_par' dir='ltr' id='par_1_4' title="bbox 94 933 1064 1511">
     <span class='ocr_line' id='line_1_8' title="bbox 96 933 1058 1013; baseline -0.008 -16"><span class='ocrx_word' id='word_1_45' title='bbox 96 935 208 1009; x_wconf 76' lang='lat' dir='ltr'>Quanto</span> <span class='ocrx_word' id='word_1_46' title='bbox 219 937 324 994; x_wconf 91' lang='lat' dir='ltr'>rectius</span> <span class='ocrx_word' id='word_1_47' title='bbox 336 935 399 1010; x_wconf 87' lang='lat' dir='ltr'>hic,</span> <span class='ocrx_word' id='word_1_48' title='bbox 421 937 469 1013; x_wconf 91' lang='lat' dir='ltr'>qui</span> <span class='ocrx_word' id='word_1_49' title='bbox 480 933 518 994; x_wconf 95' lang='lat' dir='ltr'>nil</span> <span class='ocrx_word' id='word_1_50' title='bbox 529 933 641 994; x_wconf 90' lang='lat' dir='ltr'>molitur</span> <span class='ocrx_word' id='word_1_51' title='bbox 653 934 766 1010; x_wconf 88' lang='lat' dir='ltr'>inepte:</span> <span class='ocrx_word' id='word_1_52' title='bbox 818 958 823 963; x_wconf 96' lang='lat'>·</span> <span class='ocrx_word' id='word_1_53' title='bbox 998 935 1058 997; x_wconf 79' lang='lat'>140</span> 
     </span>
     <span class='ocr_line' id='line_1_9' title="bbox 95 1013 1064 1098; baseline -0.004 -17"><span class='ocrx_word' id='word_1_54' title='bbox 95 1017 862 1098; x_wconf 75' lang='lat' dir='ltr'>„Dicmilti,llluao,oirum,captaepoattampora</span> <span class='ocrx_word' id='word_1_55' title='bbox 877 1013 985 1078; x_wconf 77' lang='lat' dir='ltr'>Troiae</span> <span class='ocrx_word' id='word_1_56' title='bbox 1063 1065 1064 1069; x_wconf 65' lang='lat'>,</span> 
     </span>
     <span class='ocr_line' id='line_1_10' title="bbox 95 1101 886 1180; baseline -0.004 -16"><span class='ocrx_word' id='word_1_57' title='bbox 95 1101 179 1180; x_wconf 80' lang='lat' dir='ltr'>„Qut</span> <span class='ocrx_word' id='word_1_58' title='bbox 189 1121 290 1163; x_wconf 83' lang='lat' dir='ltr'>mores</span> <span class='ocrx_word' id='word_1_59' title='bbox 299 1102 449 1163; x_wconf 65' lang='lat' dir='ltr'>decanam</span> <span class='ocrx_word' id='word_1_60' title='bbox 461 1103 620 1165; x_wconf 81' lang='lat' dir='ltr'>multorum</span> <span class='ocrx_word' id='word_1_61' title='bbox 633 1103 710 1170; x_wconf 81' lang='lat' dir='ltr'>cidit</span> <span class='ocrx_word' id='word_1_62' title='bbox 722 1109 751 1162; x_wconf 85' lang='lat' dir='ltr'>ct</span> <span class='ocrx_word' id='word_1_63' title='bbox 760 1101 886 1162; x_wconf 82' lang='lat' dir='ltr'>urbes.“</span> 
     </span>
     <span class='ocr_line' id='line_1_11' title="bbox 94 1183 846 1264; baseline -0.008 -16"><span class='ocrx_word' id='word_1_64' title='bbox 94 1186 157 1247; x_wconf 86' lang='lat' dir='ltr'>llon</span> <span class='ocrx_word' id='word_1_65' title='bbox 168 1185 274 1246; x_wconf 88' lang='lat' dir='ltr'>fumum</span> <span class='ocrx_word' id='word_1_66' title='bbox 287 1204 323 1245; x_wconf 85' lang='lat' dir='ltr'>ex</span> <span class='ocrx_word' id='word_1_67' title='bbox 334 1185 462 1264; x_wconf 78' lang='lat' dir='ltr'>fulgore,</span> <span class='ocrx_word' id='word_1_68' title='bbox 480 1185 531 1245; x_wconf 91' lang='lat' dir='ltr'>sed</span> <span class='ocrx_word' id='word_1_69' title='bbox 542 1204 578 1245; x_wconf 88' lang='lat' dir='ltr'>ex</span> <span class='ocrx_word' id='word_1_70' title='bbox 588 1186 665 1245; x_wconf 90' lang='lat' dir='ltr'>lumo</span> <span class='ocrx_word' id='word_1_71' title='bbox 678 1185 743 1244; x_wconf 91' lang='lat' dir='ltr'>dare</span> <span class='ocrx_word' id='word_1_72' title='bbox 754 1183 846 1243; x_wconf 91' lang='lat' dir='ltr'>lucem</span> 
     </span>
     <span class='ocr_line' id='line_1_12' title="bbox 95 1268 804 1349; baseline -0.007 -17"><span class='ocrx_word' id='word_1_73' title='bbox 95 1269 224 1349; x_wconf 80' lang='lat' dir='ltr'>Cogitat,</span> <span class='ocrx_word' id='word_1_74' title='bbox 239 1277 270 1328; x_wconf 89' lang='lat' dir='ltr'>ut</span> <span class='ocrx_word' id='word_1_75' title='bbox 281 1271 413 1347; x_wconf 88' lang='lat' dir='ltr'>speciosa</span> <span class='ocrx_word' id='word_1_76' title='bbox 429 1269 530 1329; x_wconf 89' lang='lat' dir='ltr'>dehinc</span> <span class='ocrx_word' id='word_1_77' title='bbox 541 1268 672 1328; x_wconf 90' lang='lat' dir='ltr'>miracula</span> <span class='ocrx_word' id='word_1_78' title='bbox 685 1276 804 1346; x_wconf 90' lang='lat' dir='ltr'>promat,</span> 
     </span>
     <span class='ocr_line' id='line_1_13' title="bbox 94 1348 886 1432; baseline -0.001 -18"><span class='ocrx_word' id='word_1_79' title='bbox 94 1354 264 1432; x_wconf 77' lang='lat' dir='ltr'>Antiphaten</span> <span class='ocrx_word' id='word_1_80' title='bbox 274 1352 453 1429; x_wconf 73' lang='lat' dir='ltr'>Scyllamque</span> <span class='ocrx_word' id='word_1_81' title='bbox 462 1360 490 1409; x_wconf 89' lang='lat' dir='ltr'>et</span> <span class='ocrx_word' id='word_1_82' title='bbox 499 1368 561 1408; x_wconf 89' lang='lat' dir='ltr'>cum</span> <span class='ocrx_word' id='word_1_83' title='bbox 569 1348 886 1427; x_wconf 70' lang='lat' dir='ltr'>Cyclopecharphdim</span> 
     </span>
     <span class='ocr_line' id='line_1_14' title="bbox 94 1434 777 1511; baseline -0.009 -13"><span class='ocrx_word' id='word_1_84' title='bbox 94 1438 154 1498; x_wconf 88' lang='lat' dir='ltr'>Nec</span> <span class='ocrx_word' id='word_1_85' title='bbox 169 1437 288 1497; x_wconf 89' lang='lat' dir='ltr'>reditum</span> <span class='ocrx_word' id='word_1_86' title='bbox 300 1436 447 1497; x_wconf 88' lang='lat' dir='ltr'>Diomedis</span> <span class='ocrx_word' id='word_1_87' title='bbox 458 1437 492 1496; x_wconf 87' lang='lat' dir='ltr'>ab</span> <span class='ocrx_word' id='word_1_88' title='bbox 505 1437 618 1495; x_wconf 90' lang='lat' dir='ltr'>interitu</span> <span class='ocrx_word' id='word_1_89' title='bbox 629 1434 777 1511; x_wconf 81' lang='lat' dir='ltr'>Meleagri,</span> 
     </span>
    </p>

    <p class='ocr_par' dir='ltr' id='par_1_5' title="bbox 93 1518 808 1683">
     <span class='ocr_line' id='line_1_15' title="bbox 93 1518 808 1596; baseline -0.01 -14"><span class='ocrx_word' id='word_1_90' title='bbox 93 1521 154 1582; x_wconf 85' lang='lat' dir='ltr'>Nec</span> <span class='ocrx_word' id='word_1_91' title='bbox 165 1523 281 1596; x_wconf 74' lang='lat' dir='ltr'>gemino</span> <span class='ocrx_word' id='word_1_92' title='bbox 294 1521 399 1581; x_wconf 89' lang='lat' dir='ltr'>bellum</span> <span class='ocrx_word' id='word_1_93' title='bbox 414 1520 563 1581; x_wconf 83' lang='lat' dir='ltr'>Troianum</span> <span class='ocrx_word' id='word_1_94' title='bbox 573 1518 679 1578; x_wconf 92' lang='lat' dir='ltr'>orditur</span> <span class='ocrx_word' id='word_1_95' title='bbox 689 1518 723 1577; x_wconf 89' lang='lat' dir='ltr'>ab</span> <span class='ocrx_word' id='word_1_96' title='bbox 736 1534 808 1585; x_wconf 62' lang='lat' dir='ltr'>oroi</span> 
     </span>
     <span class='ocr_line' id='line_1_16' title="bbox 94 1601 780 1683; baseline -0.007 -18"><span class='ocrx_word' id='word_1_97' title='bbox 94 1606 215 1683; x_wconf 87' lang='lat' dir='ltr'>Semper</span> <span class='ocrx_word' id='word_1_98' title='bbox 225 1603 261 1665; x_wconf 90' lang='lat' dir='ltr'>ad</span> <span class='ocrx_word' id='word_1_99' title='bbox 271 1614 401 1665; x_wconf 80' lang='lat' dir='ltr'>eventum</span> <span class='ocrx_word' id='word_1_100' title='bbox 412 1605 524 1665; x_wconf 84' lang='lat' dir='ltr'>festinat</span> <span class='ocrx_word' id='word_1_101' title='bbox 536 1612 564 1662; x_wconf 92' lang='lat' dir='ltr'>et</span> <span class='ocrx_word' id='word_1_102' title='bbox 577 1604 605 1662; x_wconf 95' lang='lat' dir='ltr'>in</span> <span class='ocrx_word' id='word_1_103' title='bbox 616 1601 722 1662; x_wconf 88' lang='lat' dir='ltr'>medias</span> <span class='ocrx_word' id='word_1_104' title='bbox 732 1619 780 1661; x_wconf 88' lang='lat' dir='ltr'>res</span> 
     </span>
    </p>

    <p class='ocr_par' dir='ltr' id='par_1_6' title="bbox 92 1687 808 2015">
     <span class='ocr_line' id='line_1_17' title="bbox 93 1687 792 1771; baseline -0.01 -21"><span class='ocrx_word' id='word_1_105' title='bbox 93 1689 157 1750; x_wconf 88' lang='lat' dir='ltr'>Non</span> <span class='ocrx_word' id='word_1_106' title='bbox 168 1706 254 1748; x_wconf 84' lang='lat' dir='ltr'>secus</span> <span class='ocrx_word' id='word_1_107' title='bbox 265 1706 299 1749; x_wconf 91' lang='lat' dir='ltr'>ac</span> <span class='ocrx_word' id='word_1_108' title='bbox 309 1698 391 1749; x_wconf 90' lang='lat' dir='ltr'>notas</span> <span class='ocrx_word' id='word_1_109' title='bbox 401 1687 556 1748; x_wconf 81' lang='lat' dir='ltr'>auditorem</span> <span class='ocrx_word' id='word_1_110' title='bbox 569 1687 658 1765; x_wconf 90' lang='lat' dir='ltr'>rapit,</span> <span class='ocrx_word' id='word_1_111' title='bbox 680 1694 709 1745; x_wconf 92' lang='lat' dir='ltr'>et</span> <span class='ocrx_word' id='word_1_112' title='bbox 720 1702 792 1771; x_wconf 88' lang='lat' dir='ltr'>quae</span> 
     </span>
     <span class='ocr_line' id='line_1_18' title="bbox 92 1769 787 1852; baseline -0.009 -19"><span class='ocrx_word' id='word_1_113' title='bbox 92 1773 360 1852; x_wconf 87' lang='lat' dir='ltr'>Desperattractata</span> <span class='ocrx_word' id='word_1_114' title='bbox 371 1773 512 1831; x_wconf 85' lang='lat' dir='ltr'>nitescere</span> <span class='ocrx_word' id='word_1_115' title='bbox 524 1788 627 1848; x_wconf 85' lang='lat' dir='ltr'>posse,</span> <span class='ocrx_word' id='word_1_116' title='bbox 644 1769 787 1848; x_wconf 87' lang='lat' dir='ltr'>relinquit,</span> 
     </span>
     <span class='ocr_line' id='line_1_19' title="bbox 97 1854 785 1935; baseline -0.009 -18"><span class='ocrx_word' id='word_1_117' title='bbox 97 1857 187 1935; x_wconf 81' lang='lat' dir='ltr'>ltque</span> <span class='ocrx_word' id='word_1_118' title='bbox 199 1858 237 1916; x_wconf 93' lang='lat' dir='ltr'>ita</span> <span class='ocrx_word' id='word_1_119' title='bbox 250 1857 398 1930; x_wconf 87' lang='lat' dir='ltr'>mentitur,</span> <span class='ocrx_word' id='word_1_120' title='bbox 418 1857 460 1914; x_wconf 88' lang='lat' dir='ltr'>sic</span> <span class='ocrx_word' id='word_1_121' title='bbox 469 1856 546 1914; x_wconf 85' lang='lat' dir='ltr'>reris</span> <span class='ocrx_word' id='word_1_122' title='bbox 557 1854 627 1914; x_wconf 88' lang='lat' dir='ltr'>ialsa</span> <span class='ocrx_word' id='word_1_123' title='bbox 641 1855 785 1928; x_wconf 90' lang='lat' dir='ltr'>remiscet,</span> 
     </span>
     <span class='ocr_line' id='line_1_20' title="bbox 95 1938 808 2015; baseline -0.007 -15"><span class='ocrx_word' id='word_1_124' title='bbox 95 1941 186 2000; x_wconf 87' lang='lat' dir='ltr'>Primo</span> <span class='ocrx_word' id='word_1_125' title='bbox 198 1958 234 1999; x_wconf 90' lang='lat' dir='ltr'>ne</span> <span class='ocrx_word' id='word_1_126' title='bbox 244 1940 382 2015; x_wconf 91' lang='lat' dir='ltr'>medium,</span> <span class='ocrx_word' id='word_1_127' title='bbox 402 1938 495 1998; x_wconf 91' lang='lat' dir='ltr'>medic</span> <span class='ocrx_word' id='word_1_128' title='bbox 505 1957 542 1998; x_wconf 90' lang='lat' dir='ltr'>ne</span> <span class='ocrx_word' id='word_1_129' title='bbox 553 1938 696 2015; x_wconf 86' lang='lat' dir='ltr'>discrepet</span> <span class='ocrx_word' id='word_1_130' title='bbox 707 1939 808 1996; x_wconf 81' lang='lat' dir='ltr'>imum:¹</span> 
     </span>
    </p>

    <p class='ocr_par' dir='ltr' id='par_1_7' title="bbox 93 2021 868 2773">
     <span class='ocr_line' id='line_1_21' title="bbox 94 2021 868 2102; baseline -0.005 -19"><span class='ocrx_word' id='word_1_131' title='bbox 94 2023 151 2101; x_wconf 86' lang='lat' dir='ltr'>Tu,</span> <span class='ocrx_word' id='word_1_132' title='bbox 172 2022 240 2102; x_wconf 91' lang='lat' dir='ltr'>quid</span> <span class='ocrx_word' id='word_1_133' title='bbox 254 2041 309 2101; x_wconf 80' lang='lat' dir='ltr'>ego</span> <span class='ocrx_word' id='word_1_134' title='bbox 322 2033 350 2082; x_wconf 92' lang='lat' dir='ltr'>et</span> <span class='ocrx_word' id='word_1_135' title='bbox 361 2023 483 2102; x_wconf 89' lang='lat' dir='ltr'>populos</span> <span class='ocrx_word' id='word_1_136' title='bbox 494 2041 605 2082; x_wconf 90' lang='lat' dir='ltr'>mecum</span> <span class='ocrx_word' id='word_1_137' title='bbox 615 2021 775 2098; x_wconf 85' lang='lat' dir='ltr'>desideret,</span> <span class='ocrx_word' id='word_1_138' title='bbox 795 2021 868 2080; x_wconf 91' lang='lat' dir='ltr'>audi.</span> 
     </span>
     <span class='ocr_line' id='line_1_22' title="bbox 95 2106 756 2186; baseline -0.006 -18"><span class='ocrx_word' id='word_1_139' title='bbox 95 2109 124 2168; x_wconf 89' lang='lat' dir='ltr'>Si</span> <span class='ocrx_word' id='word_1_140' title='bbox 137 2106 279 2186; x_wconf 81' lang='lat' dir='ltr'>plausoris</span> <span class='ocrx_word' id='word_1_141' title='bbox 290 2126 360 2186; x_wconf 81' lang='lat' dir='ltr'>eges</span> <span class='ocrx_word' id='word_1_142' title='bbox 371 2106 470 2168; x_wconf 89' lang='lat' dir='ltr'>aulaea</span> <span class='ocrx_word' id='word_1_143' title='bbox 480 2109 616 2167; x_wconf 88' lang='lat' dir='ltr'>manentis</span> <span class='ocrx_word' id='word_1_144' title='bbox 628 2116 656 2165; x_wconf 91' lang='lat' dir='ltr'>et</span> <span class='ocrx_word' id='word_1_145' title='bbox 666 2125 756 2184; x_wconf 87' lang='lat' dir='ltr'>usque</span> 
     </span>
     <span class='ocr_line' id='line_1_23' title="bbox 95 2189 809 2268; baseline -0.006 -16"><span class='ocrx_word' id='word_1_146' title='bbox 95 2192 223 2268; x_wconf 91' lang='lat' dir='ltr'>Sessuri,</span> <span class='ocrx_word' id='word_1_147' title='bbox 244 2190 335 2251; x_wconf 86' lang='lat' dir='ltr'>donec</span> <span class='ocrx_word' id='word_1_148' title='bbox 349 2198 446 2251; x_wconf 90' lang='lat' dir='ltr'>cantor</span> <span class='ocrx_word' id='word_1_149' title='bbox 460 2190 543 2266; x_wconf 86' lang='lat' dir='ltr'>„Vos</span> <span class='ocrx_word' id='word_1_150' title='bbox 555 2189 704 2266; x_wconf 85' lang='lat' dir='ltr'>plaudite“</span> <span class='ocrx_word' id='word_1_151' title='bbox 720 2189 809 2249; x_wconf 89' lang='lat' dir='ltr'>dicat:</span> 
     </span>
     <span class='ocr_line' id='line_1_24' title="bbox 94 2271 728 2353; baseline -0.008 -18"><span class='ocrx_word' id='word_1_152' title='bbox 94 2275 202 2336; x_wconf 79' lang='lat' dir='ltr'>teraris</span> <span class='ocrx_word' id='word_1_153' title='bbox 214 2277 352 2353; x_wconf 88' lang='lat' dir='ltr'>cuiusque</span> <span class='ocrx_word' id='word_1_154' title='bbox 362 2273 475 2334; x_wconf 90' lang='lat' dir='ltr'>notandi</span> <span class='ocrx_word' id='word_1_155' title='bbox 487 2281 551 2332; x_wconf 90' lang='lat' dir='ltr'>sunt</span> <span class='ocrx_word' id='word_1_156' title='bbox 561 2271 611 2332; x_wconf 93' lang='lat' dir='ltr'>tibi</span> <span class='ocrx_word' id='word_1_157' title='bbox 622 2290 728 2348; x_wconf 90' lang='lat' dir='ltr'>mores,</span> 
     </span>
     <span class='ocr_line' id='line_1_25' title="bbox 94 2355 773 2437; baseline -0.009 -18"><span class='ocrx_word' id='word_1_158' title='bbox 94 2358 302 2437; x_wconf 90' lang='lat' dir='ltr'>llobilibusque</span> <span class='ocrx_word' id='word_1_159' title='bbox 314 2357 401 2418; x_wconf 90' lang='lat' dir='ltr'>decor</span> <span class='ocrx_word' id='word_1_160' title='bbox 410 2359 514 2416; x_wconf 87' lang='lat' dir='ltr'>nataris</span> <span class='ocrx_word' id='word_1_161' title='bbox 526 2355 631 2416; x_wconf 90' lang='lat' dir='ltr'>dandus</span> <span class='ocrx_word' id='word_1_162' title='bbox 642 2365 671 2416; x_wconf 90' lang='lat' dir='ltr'>et</span> <span class='ocrx_word' id='word_1_163' title='bbox 683 2356 773 2415; x_wconf 90' lang='lat' dir='ltr'>annis.</span> 
     </span>
     <span class='ocr_line' id='line_1_26' title="bbox 94 2438 822 2520; baseline -0.011 -16"><span class='ocrx_word' id='word_1_164' title='bbox 94 2443 225 2504; x_wconf 82' lang='lat' dir='ltr'>lieddere</span> <span class='ocrx_word' id='word_1_165' title='bbox 237 2444 285 2520; x_wconf 92' lang='lat' dir='ltr'>qui</span> <span class='ocrx_word' id='word_1_166' title='bbox 300 2459 389 2501; x_wconf 89' lang='lat' dir='ltr'>voces</span> <span class='ocrx_word' id='word_1_167' title='bbox 400 2443 453 2501; x_wconf 89' lang='lat' dir='ltr'>iam</span> <span class='ocrx_word' id='word_1_168' title='bbox 465 2442 519 2500; x_wconf 93' lang='lat' dir='ltr'>scit</span> <span class='ocrx_word' id='word_1_169' title='bbox 527 2458 607 2519; x_wconf 81' lang='lat' dir='ltr'>poter</span> <span class='ocrx_word' id='word_1_170' title='bbox 618 2449 646 2499; x_wconf 92' lang='lat' dir='ltr'>et</span> <span class='ocrx_word' id='word_1_171' title='bbox 657 2438 732 2517; x_wconf 93' lang='lat' dir='ltr'>pede</span> <span class='ocrx_word' id='word_1_172' title='bbox 744 2447 822 2497; x_wconf 88' lang='lat' dir='ltr'>certo</span> 
     </span>
     <span class='ocr_line' id='line_1_27' title="bbox 94 2514 831 2605; baseline -0.008 -18"><span class='ocrx_word' id='word_1_173' title='bbox 94 2529 192 2605; x_wconf 81' lang='lat' dir='ltr'>Signat</span> <span class='ocrx_word' id='word_1_174' title='bbox 202 2526 329 2602; x_wconf 90' lang='lat' dir='ltr'>lrumum,</span> <span class='ocrx_word' id='word_1_175' title='bbox 345 2527 432 2602; x_wconf 79' lang='lat' dir='ltr'>gestit</span> <span class='ocrx_word' id='word_1_176' title='bbox 443 2525 556 2604; x_wconf 89' lang='lat' dir='ltr'>paribus</span> <span class='ocrx_word' id='word_1_177' title='bbox 568 2514 713 2583; x_wconf 87' lang='lat' dir='ltr'>colludere</span> <span class='ocrx_word' id='word_1_178' title='bbox 725 2531 754 2582; x_wconf 90' lang='lat' dir='ltr'>et</span> <span class='ocrx_word' id='word_1_179' title='bbox 764 2524 831 2582; x_wconf 88' lang='lat' dir='ltr'>iram</span> 
     </span>
     <span class='ocr_line' id='line_1_28' title="bbox 94 2607 781 2688; baseline -0.007 -18"><span class='ocrx_word' id='word_1_180' title='bbox 94 2610 211 2688; x_wconf 77' lang='lat' dir='ltr'>Colligit</span> <span class='ocrx_word' id='word_1_181' title='bbox 226 2627 260 2668; x_wconf 89' lang='lat' dir='ltr'>ac</span> <span class='ocrx_word' id='word_1_182' title='bbox 270 2611 349 2687; x_wconf 92' lang='lat' dir='ltr'>ponit</span> <span class='ocrx_word' id='word_1_183' title='bbox 359 2618 466 2668; x_wconf 87' lang='lat' dir='ltr'>temere</span> <span class='ocrx_word' id='word_1_184' title='bbox 477 2616 507 2668; x_wconf 90' lang='lat' dir='ltr'>et</span> <span class='ocrx_word' id='word_1_185' title='bbox 518 2616 636 2668; x_wconf 90' lang='lat' dir='ltr'>mutatur</span> <span class='ocrx_word' id='word_1_186' title='bbox 647 2610 676 2666; x_wconf 90' lang='lat' dir='ltr'>in</span> <span class='ocrx_word' id='word_1_187' title='bbox 687 2607 781 2666; x_wconf 87' lang='lat' dir='ltr'>horas.</span> 
     </span>
     <span class='ocr_line' id='line_1_29' title="bbox 93 2691 735 2773; baseline -0.005 -20"><span class='ocrx_word' id='word_1_188' title='bbox 93 2691 479 2754; x_wconf 81' lang='lat' dir='ltr'>imberbusiuoeoietandem</span> <span class='ocrx_word' id='word_1_189' title='bbox 496 2691 614 2773; x_wconf 85' lang='lat' dir='ltr'>custode</span> <span class='ocrx_word' id='word_1_190' title='bbox 624 2698 735 2750; x_wconf 90' lang='lat' dir='ltr'>remoto</span> 
     </span>
    </p>

    <p class='ocr_par' dir='ltr' id='par_1_8' title="bbox 92 2773 873 3022">
     <span class='ocr_line' id='line_1_30' title="bbox 95 2773 873 2856; baseline -0.006 -18"><span class='ocrx_word' id='word_1_191' title='bbox 95 2776 205 2838; x_wconf 83' lang='lat' dir='ltr'>Gaudet</span> <span class='ocrx_word' id='word_1_192' title='bbox 216 2778 297 2856; x_wconf 86' lang='lat' dir='ltr'>equis</span> <span class='ocrx_word' id='word_1_193' title='bbox 309 2777 482 2856; x_wconf 88' lang='lat' dir='ltr'>canibusque</span> <span class='ocrx_word' id='word_1_194' title='bbox 494 2785 522 2836; x_wconf 90' lang='lat' dir='ltr'>et</span> <span class='ocrx_word' id='word_1_195' title='bbox 533 2777 621 2852; x_wconf 85' lang='lat' dir='ltr'>aprici</span> <span class='ocrx_word' id='word_1_196' title='bbox 633 2776 757 2852; x_wconf 81' lang='lat' dir='ltr'>gramine</span> <span class='ocrx_word' id='word_1_197' title='bbox 770 2773 873 2852; x_wconf 87' lang='lat' dir='ltr'>campi,</span> 
     </span>
     <span class='ocr_line' id='line_1_31' title="bbox 94 2860 761 2936; baseline -0.007 -15"><span class='ocrx_word' id='word_1_198' title='bbox 94 2861 203 2921; x_wconf 83' lang='lat' dir='ltr'>Cereus</span> <span class='ocrx_word' id='word_1_199' title='bbox 214 2861 242 2919; x_wconf 93' lang='lat' dir='ltr'>in</span> <span class='ocrx_word' id='word_1_200' title='bbox 256 2862 351 2920; x_wconf 81' lang='lat' dir='ltr'>vitium</span> <span class='ocrx_word' id='word_1_201' title='bbox 363 2860 454 2936; x_wconf 88' lang='lat' dir='ltr'>flecti,</span> <span class='ocrx_word' id='word_1_202' title='bbox 472 2861 655 2920; x_wconf 91' lang='lat' dir='ltr'>monitoribus</span> <span class='ocrx_word' id='word_1_203' title='bbox 666 2876 761 2935; x_wconf 86' lang='lat' dir='ltr'>asper,</span> 
     </span>
     <span class='ocr_line' id='line_1_32' title="bbox 92 2944 724 3022; baseline -0.008 -16"><span class='ocrx_word' id='word_1_204' title='bbox 92 2945 208 3006; x_wconf 89' lang='lat' dir='ltr'>Utilium</span> <span class='ocrx_word' id='word_1_205' title='bbox 220 2944 314 3004; x_wconf 91' lang='lat' dir='ltr'>tardus</span> <span class='ocrx_word' id='word_1_206' title='bbox 326 2947 474 3022; x_wconf 85' lang='lat' dir='ltr'>provisor,</span> <span class='ocrx_word' id='word_1_207' title='bbox 491 2945 628 3022; x_wconf 87' lang='lat' dir='ltr'>prodigus</span> <span class='ocrx_word' id='word_1_208' title='bbox 639 2945 724 3019; x_wconf 89' lang='lat' dir='ltr'>aeris,</span> 
     </span>
    </p>

    <p class='ocr_par' dir='ltr' id='par_1_9' title="bbox 93 3027 843 3106">
     <span class='ocr_line' id='line_1_33' title="bbox 93 3027 843 3106; baseline -0.004 -18"><span class='ocrx_word' id='word_1_209' title='bbox 93 3028 226 3088; x_wconf 88' lang='lat' dir='ltr'>Sublimis</span> <span class='ocrx_word' id='word_1_210' title='bbox 239 3027 413 3106; x_wconf 88' lang='lat' dir='ltr'>cupidusque</span> <span class='ocrx_word' id='word_1_211' title='bbox 425 3037 454 3088; x_wconf 87' lang='lat' dir='ltr'>at</span> <span class='ocrx_word' id='word_1_212' title='bbox 464 3037 552 3089; x_wconf 90' lang='lat' dir='ltr'>amata</span> <span class='ocrx_word' id='word_1_213' title='bbox 562 3027 723 3106; x_wconf 90' lang='lat' dir='ltr'>relinquere</span> <span class='ocrx_word' id='word_1_214' title='bbox 735 3027 843 3104; x_wconf 84' lang='lat' dir='ltr'>pernix.</span> 
     </span>
    </p>

    <p class='ocr_par' dir='ltr' id='par_1_10' title="bbox 70 3111 739 3191">
     <span class='ocr_line' id='line_1_34' title="bbox 70 3111 739 3191; baseline -0.001 -19"><span class='ocrx_word' id='word_1_215' title='bbox 70 3184 75 3191; x_wconf 79' lang='lat'>,</span> <span class='ocrx_word' id='word_1_216' title='bbox 95 3111 249 3172; x_wconf 84' lang='lat' dir='ltr'>Conversis</span> <span class='ocrx_word' id='word_1_217' title='bbox 263 3111 362 3172; x_wconf 86' lang='lat' dir='ltr'>studiis</span> <span class='ocrx_word' id='word_1_218' title='bbox 376 3121 453 3172; x_wconf 89' lang='lat' dir='ltr'>aetas</span> <span class='ocrx_word' id='word_1_219' title='bbox 465 3114 629 3189; x_wconf 91' lang='lat' dir='ltr'>animusque</span> <span class='ocrx_word' id='word_1_220' title='bbox 640 3113 739 3173; x_wconf 72' lang='lat' dir='ltr'>uirida</span> 
     </span>
    </p>

    <p class='ocr_par' dir='ltr' id='par_1_11' title="bbox 95 3195 783 3357">
     <span class='ocr_line' id='line_1_35' title="bbox 95 3195 755 3273; baseline -0.002 -18"><span class='ocrx_word' id='word_1_221' title='bbox 95 3195 211 3269; x_wconf 81' lang='lat' dir='ltr'>Quaerit</span> <span class='ocrx_word' id='word_1_222' title='bbox 223 3213 294 3273; x_wconf 90' lang='lat' dir='ltr'>opes</span> <span class='ocrx_word' id='word_1_223' title='bbox 307 3203 335 3256; x_wconf 92' lang='lat' dir='ltr'>et</span> <span class='ocrx_word' id='word_1_224' title='bbox 346 3197 497 3272; x_wconf 88' lang='lat' dir='ltr'>amicitias,</span> <span class='ocrx_word' id='word_1_225' title='bbox 517 3196 755 3271; x_wconf 78' lang='lat' dir='ltr'>inservithonori,</span> 
     </span>
     <span class='ocr_line' id='line_1_36' title="bbox 95 3278 783 3357; baseline -0.007 -18"><span class='ocrx_word' id='word_1_226' title='bbox 95 3278 280 3340; x_wconf 77' lang='lat' dir='ltr'>commisisse</span> <span class='ocrx_word' id='word_1_227' title='bbox 292 3289 373 3339; x_wconf 86' lang='lat' dir='ltr'>cavet</span> <span class='ocrx_word' id='word_1_228' title='bbox 384 3279 460 3357; x_wconf 93' lang='lat' dir='ltr'>quod</span> <span class='ocrx_word' id='word_1_229' title='bbox 471 3296 537 3339; x_wconf 87' lang='lat' dir='ltr'>mox</span> <span class='ocrx_word' id='word_1_230' title='bbox 547 3288 653 3356; x_wconf 83' lang='lat' dir='ltr'>mutare</span> <span class='ocrx_word' id='word_1_231' title='bbox 663 3278 783 3338; x_wconf 88' lang='lat' dir='ltr'>laboret.</span> 
     </span>
    </p>

    <p class='ocr_par' dir='ltr' id='par_1_12' title="bbox 93 3355 878 3435">
     <span class='ocr_line' id='line_1_37' title="bbox 93 3355 878 3435; baseline -0.013 -12"><span class='ocrx_word' id='word_1_232' title='bbox 93 3362 179 3424; x_wconf 85' lang='lat' dir='ltr'>Multa</span> <span class='ocrx_word' id='word_1_233' title='bbox 194 3383 295 3426; x_wconf 81' lang='lat' dir='ltr'>aecem</span> <span class='ocrx_word' id='word_1_234' title='bbox 307 3363 525 3424; x_wconf 88' lang='lat' dir='ltr'>circumveniunt</span> <span class='ocrx_word' id='word_1_235' title='bbox 535 3361 726 3435; x_wconf 87' lang='lat' dir='ltr'>incommoda,</span> <span class='ocrx_word' id='word_1_236' title='bbox 743 3357 789 3416; x_wconf 87' lang='lat' dir='ltr'>vel</span> <span class='ocrx_word' id='word_1_237' title='bbox 801 3355 878 3435; x_wconf 91' lang='lat' dir='ltr'>quod</span> 
     </span>
    </p>
   </div>
   <div class='ocr_carea' id='block_1_3' title="bbox 0 0 1145 3878">
    <p class='ocr_par' dir='ltr' id='par_1_13' title="bbox 0 0 1145 3878">
     <span class='ocr_line' id='line_1_38' title="bbox 0 0 1145 3878; baseline 0 0"><span class='ocrx_word' id='word_1_238' title='bbox 0 0 1145 3878; x_wconf 95' lang='lat' dir='ltr'> </span> 
     </span>
    </p>
   </div>
  </div>
 </body>
</html>
