2266 3878
98 274 162 338 usu
455 271 715 335 srmuoumun
910 274 1012 351 [mss.
1027 280 1052 334 3.

182 428 212 486 Si
226 437 302 487 curat
318 443 368 487 cor
382 428 535 505 spectantis
550 427 679 502 tetigisse
693 423 818 502 querela.

182 508 246 570 Nou'
258 512 325 571 sctis
337 519 381 570 est
393 510 509 589 pulchra
522 528 589 568 esse
601 516 744 586 poematum
762 506 853 567 dulcin
865 516 950 568 sunto

98 597 159 658 100
179 592 232 671 Et,
249 611 418 674 quocunque
428 593 540 670 volent,
563 593 681 653 animum
695 590 830 651 auditoris
842 602 958 669 agunto.

178 675 216 737 Ut
226 677 379 738 ridentibus
390 678 526 753 arrident,
547 676 726 736 itudeutihus
738 674 838 735 adsunt
937 735 939 738 Α

178 759 296 821 Humani
310 761 418 822 uultus:
435 763 459 820 si
470 762 513 820 vis
527 759 667 835 medere,
685 758 835 818 dolendum
847 769 893 818 est

179 843 298 904 Primum
312 848 367 923 ipsi
378 847 446 906 tihi:
462 854 519 905 tum
539 854 586 903 tua
597 863 643 903 me
654 843 804 903 infortunia
815 842 939 919 laedent,

180 927 306 1006 Telephe
319 929 365 988 vel
377 928 477 996 Peleu;
495 927 568 987 male
579 930 603 986 si
615 926 741 986 mandatu
752 927 891 1004 loqueris,
937 994 944 1009 x

96 1016 156 1077 105
179 1012 236 1073 Aut
247 1013 401 1072 dormitabo
413 1011 577 1072 autrideho
600 1009 700 1070 Tristia
713 1019 849 1070 maestum

178 1096 293 1155 Vultum
301 1097 388 1155 verba
400 1095 515 1171 decem,
534 1093 727 1171 iretumplena
737 1095 882 1170 minorum,

177 1177 329 1239 Ludeutem
343 1178 466 1255 lesciva,
483 1195 614 1237 severum
625 1178 698 1237 scrin
710 1177 795 1237 dictu.

179 1260 291 1322 Formet
302 1264 375 1322 enim
385 1271 481 1322 uatum
494 1263 635 1340 priusnos
647 1263 721 1321 intus
733 1260 768 1321 ad
780 1277 890 1320 omnem

178 1344 360 1405 Fortunarum
372 1346 510 1422 habitum,
529 1348 604 1405 iurat
620 1355 666 1404 cut
681 1344 798 1422 impellit
808 1344 843 1404 ed
853 1346 934 1421 iram,

94 1428 156 1490 110
177 1428 233 1488 hut
243 1429 278 1488 ad
289 1430 400 1489 humum
414 1448 541 1490 maerore
552 1432 631 1507 gravi
642 1428 755 1488 deducit
765 1437 794 1488 et
808 1429 901 1505 ungit3

175 1511 243 1573 Post
253 1513 335 1573 effert
346 1516 427 1574 animi
439 1524 531 1574 motus
542 1515 695 1592 interprete
707 1512 811 1589 lingua.

175 1597 205 1656 Si
219 1596 338 1657 dicentis
350 1607 429 1658 eruut
439 1598 558 1659 fortunis
569 1597 674 1657 absone
685 1596 770 1672 dicto,

174 1680 292 1740 Romani
304 1681 404 1741 tollent
415 1684 525 1760 equites
536 1681 704 1759 peditesque
719 1680 893 1740 cachinnum.

173 1764 303 1825 lutererit
313 1764 442 1841 multum,
477 1763 888 1844 divusueloquoturauheros,

92 1849 151 1911 115
174 1846 335 1909 dicturusne
350 1867 439 1909 senex
449 1869 483 1909 un
494 1849 584 1909 adhuc
596 1849 714 1908 florente
724 1848 837 1906 iuventa

175 1931 331 2009 Ferendus,
349 1942 378 1991 et
388 1941 513 1993 matrona
526 1942 627 2009 potens
638 1951 673 1991 en
685 1930 783 1991 sedulo
793 1932 896 2008 nutrix,

83 2071 86 2075 .
175 2015 351 2076 Mercatorue
362 2033 451 2092 rogus
465 2016 592 2075 cultorne
602 2017 717 2075 virentis
728 2014 824 2092 agelli,

177 2097 301 2158 Colchus
314 2118 348 2159 au
359 2098 509 2176 Assyrius,
527 2098 632 2159 Thebis
642 2102 760 2160 nutritus
771 2117 806 2158 uu
816 2098 911 2176 Argis.

175 2182 231 2242 hut
244 2183 344 2243 fumum
356 2182 493 2261 sequere,
512 2193 559 2244 aut
569 2185 623 2244 sihi
636 2183 828 2243 convenientia
844 2183 919 2260 linge

93 2267 153 2327 120
175 2267 303 2346 Scriptor
312 2268 477 2328 honoratum
488 2271 512 2329 si
524 2268 598 2329 forte
612 2270 727 2346 reponis
738 2265 893 2326 Achillem:

172 2350 312 2430 Impiger,
329 2351 492 2430 iracundus,
509 2352 708 2427 inexorabilis,
728 2369 794 2410 acer

171 2434 235 2495 lure
246 2445 333 2513 neget
343 2437 397 2497 sibi
408 2446 486 2514 nata,
503 2437 571 2496 nihil
585 2454 641 2496 uon
652 2443 766 2514 arroget
776 2434 870 2493 annis.

172 2519 215 2580 Sit
226 2518 327 2579 lledea
338 2521 420 2580 ferox
430 2522 605 2600 invictaque,
623 2519 725 2579 flebilis
737 2516 798 2593 luo,

171 2602 297 2663 Perfidus
308 2603 404 2681 Ixion,
424 2603 554 2682 longa,
575 2607 662 2664 tristis
674 2603 802 2662 Orestes.

90 2686 149 2748 125
173 2688 203 2746 Si
216 2687 283 2766 quid
293 2691 470 2768 inexpertum
481 2707 583 2749 scenae
601 2688 765 2762 committis,
783 2685 910 2745 etuudcs
1023 2722 1026 2727 -

172 2769 326 2832 Personam
338 2774 458 2833 formare
470 2791 583 2833 novem:
599 2781 728 2833 servetur
739 2770 774 2830 ad
785 2772 880 2845 imum,

173 2854 272 2927 Qualis
284 2857 319 2917 ab
331 2858 445 2934 incepto
457 2860 646 2934 processerit,
667 2864 695 2915 et
707 2854 760 2914 sihi
777 2861 898 2914 constet.

171 2935 297 3000 Difficile
308 2951 352 3000 est
365 2943 479 3019 proprie
492 2943 647 3000 communie
659 2939 767 3006 dicere;
784 2947 872 3016 tuque

172 3021 290 3083 Rectius
301 3023 416 3084 Iliacum
428 3041 539 3085 carmen
550 3024 667 3083 deducis
678 3025 707 3082 in
721 3032 811 3099 ectus,

276 3109 301 3166 si
314 3108 465 3184 proferres.
473 3109 567 3184 ignote
579 3106 740 3184 indictaque
755 3110 871 3185 primus.

299 3192 429 3249 materies
442 3190 543 3266 privati
554 3190 621 3247 iuris
635 3191 702 3264 erit,
720 3191 744 3248 si

335 3273 420 3333 rilem
431 3272 612 3351 patulumque
623 3274 778 3334 moraberis
790 3273 897 3350 orbem,

272 3430 276 3435 Ι
314 3374 360 3416 um
372 3358 459 3419 verbo
472 3355 583 3416 curabis
595 3355 714 3416 reddere
725 3359 796 3418 lidus
