2266 3878
135 277 198 341 eac
271 234 274 239 ’
364 322 368 330 ,
483 268 780 372 ¹nnsnomncu
952 283 1082 353 [rernm

221 429 298 504 Quas
309 431 354 490 his
367 428 554 507 quinqueviri
566 437 730 503 sanxerunt,
749 428 866 488 foedera
877 447 974 506 regum

158 517 203 580 25·
218 514 274 574 Vel
288 511 383 574 Gabiis
395 511 442 572 vel
454 530 517 570 oum
528 512 626 589 rigidis
638 521 757 590 aequata
768 513 891 589 Sabinis,

219 597 384 657 Pontificum
396 595 502 671 libros,
520 613 624 656 annosa
635 595 774 655 volumina
784 604 878 655 vatum

217 681 337 742 Dictitet
346 680 456 751 lllheno
470 679 566 738 llusas
579 682 607 738 in
619 689 713 739 monte
725 679 845 739 locutas.
862 696 866 703 ·

219 766 267 842 Si,
281 768 347 844 quia
359 762 530 825 Graecorum
542 771 606 822 sunt
616 765 807 842 antiquissima
821 782 951 844 quaeque

219 849 331 929 Scripta
342 847 390 908 vel
401 850 520 926 optima,
533 847 652 928 Romani
666 856 816 925 pensantur
829 848 927 908 cadem

155 935 197 997 30
220 934 382 1012 Scriptores
393 934 506 1000 trutina;
521 949 577 990 non
588 940 632 990 est
644 931 720 1009 quod
732 930 816 991 multa
831 931 991 1010 loquamur.

217 1016 284 1078 Nil
275 1027 346 1077 intra
358 1026 403 1077 est
413 1005 524 1090 oleam,
541 1014 579 1074 nil
595 1022 672 1074 extra
683 1017 767 1076 estin
777 1034 849 1074 nuce
863 1016 936 1086 duri;
1038 1036 1043 1046 ¹

217 1098 352 1161 Venimus
363 1100 398 1161 ad
411 1116 546 1159 summum
558 1098 742 1174 fortunae,
715 1101 854 1176 pingimus
866 1109 950 1180 atque

218 1183 364 1245 Psallimus
376 1192 405 1242 et
415 1182 552 1242 luctamur
565 1181 680 1242 Achivis
696 1181 807 1242 doctius
820 1186 920 1244 unctis.

217 1268 249 1328 Si
262 1266 379 1329 meliora
387 1266 468 1341 dies,
485 1273 516 1326 ut
529 1268 607 1343 vina,
626 1273 758 1344 poemata
768 1266 869 1345 reddit,

153 1353 195 1416 35
218 1351 299 1413 Scire
312 1351 414 1429 velim,
431 1352 534 1411 chartis
546 1352 665 1430 pretium
678 1360 781 1429 quotus
793 1360 907 1430 arroget
918 1371 1014 1413 annus.

216 1436 345 1514 Scriptor
356 1436 456 1496 abhinc
471 1452 560 1495 annos
573 1444 684 1494 centum
696 1437 743 1513 qui
756 1435 875 1511 decidit,
893 1437 965 1496 inter

215 1517 362 1581 Perductos
373 1528 547 1597 veteresque
559 1519 658 1579 referri
672 1518 773 1595 dehet,
790 1536 824 1578 an
840 1522 914 1580 inter

213 1603 294 1664 Viles
306 1614 391 1683 atque
402 1600 516 1664 novos?
536 1602 697 1663 Excludat'
688 1606 779 1681 iurgia
790 1603 865 1664 finis!
947 1658 951 1663 ,

214 1693 235 1758 5
252 1687 329 1766 „Est
337 1697 421 1749 vetus
433 1696 518 1766 atque
529 1688 652 1765 probus,
669 1696 780 1749 centum
791 1705 839 1765 qur
832 1688 964 1766 perficit
976 1706 1066 1761 annos.
1068 1689 1084 1725 “

151 1772 193 1839 40
214 1779 234 1844 y
250 1772 342 1851 Quid,
360 1790 407 1850 qur
400 1771 542 1849 'deperiit
553 1770 643 1831 minor
654 1790 710 1831 uno
720 1788 819 1831 mense
829 1773 876 1832 vel
888 1771 999 1835 anno?

129 1884 133 1892 ·
214 1856 292 1917 Inter
302 1873 374 1935 quos
384 1855 551 1915 referendus
563 1853 637 1916 erit?
652 1864 802 1915 veteresne
814 1864 926 1935 postas,

213 1940 258 2000 An
270 1959 342 2018 qnos
360 1949 387 1999 et
400 1956 536 2016 praesens
550 1948 578 1999 et
590 1948 706 2016 postera
716 1949 832 2018 respuat
843 1938 943 2002 aetas?
1004 1974 1008 1979 -
1113 1958 1116 1963 ’

214 2028 235 2094 5
246 2022 327 2099 „lste
340 2021 452 2101 quidem
463 2031 576 2083 veteres
588 2024 661 2082 inter
672 2033 793 2100 ponetur
803 2025 935 2101 honeste,

213 2106 294 2183 „Qui
306 2106 353 2166 vel
363 2124 461 2168 mense
475 2107 555 2166 brevi
567 2106 615 2165 vel
626 2116 686 2167 toto
700 2116 743 2167 est
755 2110 846 2168 iunior
856 2111 965 2170 anuo.“

150 2190 190 2252 lo
213 2190 313 2262 §Utor
325 2192 481 2269 permisso,
499 2190 662 2269 caudaeque
675 2191 750 2269 pilos
765 2200 794 2252 ut
806 2196 927 2272 equinae

60 2314 69 2333 ,
93 2300 96 2304 ’
212 2274 346 2335 Paulatim
356 2274 450 2351 vello,
468 2283 497 2334 et
509 2273 592 2335 demo
606 2293 705 2351 unum,
723 2275 805 2335 demo
826 2278 910 2338 etiam
938 2296 1045 2352 unum,x

209 2359 284 2419 Dum
296 2359 377 2420 cadat
388 2359 485 2418 elusus
496 2361 605 2419 ratione
615 2365 721 2418 ruentis
732 2362 838 2436 acervi,

212 2442 266 2515 Qui
279 2442 352 2503 redit
360 2443 416 2504 udi
402 2443 492 2504 fastos
504 2452 533 2503 et
543 2445 674 2502 virtutem
686 2447 815 2504 aestimat
822 2447 901 2504 aunis

209 2526 382 2606 Miraturque
392 2527 477 2602 nrhrl
491 2528 544 2586 nisi
538 2526 634 2606 quod
645 2525 763 2587 lnhiuna
774 2530 905 2589 sacravit

148 2611 188 2672 50
210 2609 333 2688 Ennius,
347 2619 376 2671 et
387 2614 501 2689 sapiens
513 2620 541 2671 et
555 2611 637 2670 fortis
649 2620 677 2670 et
688 2611 759 2670 ulter
771 2611 922 2690 Homerus,
982 2627 990 2639 ⁸

208 2693 247 2754 Ut
258 2696 348 2755 crrtror
360 2695 470 2771 dicunt
486 2694 588 2755 leviter
599 2713 697 2755 curare
708 2694 828 2772 videtur,

209 2776 274 2850 Quo
288 2781 428 2856 promissa
440 2779 540 2839 cadant
551 2788 580 2839 et
591 2781 699 2838 somnia
710 2778 899 2858 Pythagorea.

207 2861 351 2922 Naevius'
342 2882 370 2923 m
382 2864 508 2924 manihus
518 2879 575 2923 non
587 2872 631 2922 est
643 2872 671 2922 et
682 2865 821 2923 mentibus
833 2867 932 2926 haeret

63 3002 66 3007 .
205 2945 299 3006 Paene
310 2945 432 3007 recensi
447 2947 519 3008 adeo
535 2957 660 3007 sanctum
672 2957 716 3006 est
727 2957 810 3009 vetus
822 2967 905 3010 omne
917 2959 1029 3028 poema.
1054 2958 1057 2963 ⁴

144 3030 183 3093 55
204 3029 364 3109 Ambigitur
375 3034 488 3110 quoties
498 3040 562 3096 uter
572 3041 635 3089 utro
648 3034 686 3090 sit
698 3034 786 3110 prior:
807 3034 901 3093 aufert·
975 3037 977 3041 ’

205 3113 343 3175 Pacuvius
356 3115 433 3175 docti
447 3113 546 3173 faunam
563 3116 657 3190 senis,
669 3114 775 3175 Accius
786 3117 845 3192 alti,

204 3198 315 3259 Dicitur
325 3198 422 3259 Afrani
437 3206 505 3275 toga
519 3199 689 3256 convenisse
699 3197 864 3276 Menandro,
936 3229 941 3239 ¹

205 3281 317 3344 Plautus
330 3282 364 3343 ad
377 3281 521 3359 exemplar
535 3279 622 3339 Siculi
635 3296 789 3358 properare
801 3284 1000 3363 Epicharmi,

203 3366 325 3427 Vincere
339 3364 481 3428 Caecilius
492 3366 647 3444 gravitate,
665 3362 814 3428 Terentius
825 3377 895 3430 erte.

61 3510 215 3640 ἢ
