2266 3878
83 248 143 352 reo
276 276 278 284 ’
499 284 652 349 nuouon
857 291 1034 369 [onnon

465 479 566 535 orum
578 447 668 535 rm}

347 587 387 639 IN
405 586 512 640 ANUM
526 584 776 641 LIBIDINOSAM.
897 588 902 648 ,’

190 698 266 773 Quid
275 699 325 759 tihi
337 701 396 776 vis,
412 699 514 760 mulier
524 701 612 778 nigris
625 699 789 778 dignissima
799 699 910 768 buris?

233 782 505 859 Muneraourmihi‚
520 782 754 861 quidvotabeiias
813 834 834 854 „
913 813 916 818 ·

189 866 293 942 Mittis,
309 868 469 926 neoiuveni
480 867 558 926 firmo
573 885 666 945 nequo
677 870 751 929 naris
767 866 895 930 obesae?

234 950 362 1028 Namque
372 952 504 1028 sagacius
517 968 589 1010 nnus
604 950 720 1027 odoror,
969 947 971 951 ’

188 1033 312 1113 Polypus
324 1051 358 1092 au
371 1035 466 1111 gravis
478 1035 592 1094 hirsutis
606 1035 690 1094 cubet
700 1036 796 1096 hirnus
806 1036 835 1097 in
847 1035 912 1114 ulis,
936 1060 948 1109 ζ

235 1117 326 1191 Quam
338 1119 416 1176 oanis
426 1135 509 1193 aoer,
527 1118 575 1176 ubi
586 1117 670 1178 lateat
682 1137 741 1178 sus.

189 1201 260 1276 Quis
271 1199 358 1264 sudor
368 1202 451 1260 vietis
463 1209 491 1260 et
503 1219 586 1279 quam
595 1201 685 1261 malus
696 1202 819 1282 undique
829 1203 962 1266 membris

235 1283 348 1346 Crescit
362 1283 447 1360 odor,
468 1302 531 1344 oum
542 1302 616 1363 pene
628 1284 722 1346 soluto
799 1320 801 1325 ‚

188 1368 352 1430 indomitam
363 1377 498 1446 properat
507 1366 614 1437 rabiem
624 1369 735 1446 sedare,
747 1387 842 1449 neque
852 1368 894 1430 illi

138 1488 146 1509 1
235 1450 293 1513 Iam
303 1460 397 1513 manet
408 1451 519 1512 humida
530 1460 608 1512 oreta
620 1452 758 1532 colorque

189 1536 323 1596 Steroore
334 1535 444 1603 fucatus
458 1535 610 1612 crocodili,
623 1540 734 1616 iamque
745 1535 874 1598 subando

235 1620 322 1681 Teuta
335 1618 438 1680 cubilia
449 1628 581 1699 tectaque
595 1622 712 1698 rumpit;

136 1701 141 1718 ¹
188 1703 242 1766 Vel
252 1722 314 1763 mea
326 1721 389 1763 oum
402 1706 496 1762 saevis
508 1705 596 1783 agitat
610 1703 720 1765 fastidia
730 1704 842 1764 verbio:

234 1786 372 1864 „Inachia
381 1787 499 1864 langues
511 1791 601 1847 minus
612 1788 646 1847 ao
657 1805 716 1857 me;

28 1933 30 1939 .
84 1875 122 1937 15
185 1869 931 1949 Inachiamternootepotee,mihisemperadnnum

233 1953 352 2031 „Mollis
365 1971 447 2031 opus.
469 1953 569 2016 Pereat
582 1954 670 2031 malo,
684 1973 756 2034 quae
770 1963 799 2014 to

188 2037 328 2115 „Lesbia‚
342 2039 487 2115 quaerenti
499 2047 624 2115 taurum,
636 2040 800 2098 monstravit
810 2039 939 2114 inertem,

234 2119 330 2198 „Cum
340 2121 407 2180 mihi
419 2117 500 2180 Cous*
509 2120 623 2181 adesset
632 2121 777 2200 Amyntae,

183 2201 296 2283 „Cuius
313 2206 342 2263 in
353 2204 489 2266 indomito
500 2207 673 2266 constantior
683 2208 798 2284 inguine
808 2216 926 2282 nervus,

83 2293 126 2355 20
231 2287 347 2365 „Quam
357 2303 431 2348 nova
442 2287 564 2349 collibus
575 2289 660 2349 arhor
670 2291 806 2350 inhaeret

187 2370 364 2450 „Murioibus
376 2371 469 2449 Tyriis
481 2375 597 2434 iteratae
607 2373 715 2433 vellera
725 2373 807 2434 lanae

188 2454 919 2620 „li’e’ciolielirgggua‘i’ginltrgrgoriiiligffilneagioquem

231 2624 397 2703 „Diligeret
406 2625 506 2684 mulier
518 2644 568 2686 aua
581 2643 664 2705 quam
675 2633 714 2684 to.

83 2709 122 2773 25
186 2705 243 2785 „st
248 2725 304 2786 ego
315 2725 371 2768 non
384 2706 464 2786 felix,
477 2727 559 2788 quam
571 2719 601 2770 tu
613 2708 704 2787 fugis,
718 2716 747 2767 ut
760 2714 844 2785 pavet
855 2723 939 2767 nores

233 2791 337 2871 „Agna
347 2792 432 2872 lupos
445 2810 624 2873 capreaeque
638 2792 751 2853 leones!
760 2794 781 2826 “

486 2951 636 2962 -..----

458 3068 684 3124 oltltxllt.

387 3173 451 3225 AD
487 3174 716 3230 AMICOS.

122 3284 240 3348 Horrida
251 3291 405 3362 tempestas
419 3284 530 3344 eoelum
548 3287 702 3362 contraxit,
714 3295 743 3346 et
753 3287 859 3345 imbres

163 3367 309 3449 Niuesque
323 3365 464 3426 deducunt
475 3366 585 3439 lovem;
599 3388 672 3430 nuno
683 3388 775 3450 mare,
788 3388 862 3429 nuno
871 3371 961 3430 urinae

6 3436 165 3639 ‘N
